3610 4852
399 527 459 588 192
851 543 1039 586 cusanam
1057 543 1178 586 nanas
1401 543 1521 605 [birtine.
1536 545 1580 593 lv.

395 721 511 777 caetero
544 711 763 784 convivamus,
796 710 918 775 scilicet
947 720 985 774 ut
1013 711 1201 774 redeuntem
1233 731 1299 772 nou
1329 709 1481 774 admittas
1506 712 1597 776 Ollo-

395 838 482 893 nem,
503 814 561 878 sed
576 813 667 898 quasi
691 835 765 877 cum
781 814 993 878 admiratione
1008 812 1153 878 omnium
1170 834 1244 878 eum
1260 812 1436 892 diffitearis,
1451 825 1484 878 et
1499 816 1597 880 devo-

395 941 471 983 veas
502 927 535 982 et
564 917 703 1001 abneges
733 927 766 980 te
796 938 893 981 nosse
922 917 1099 982 bominem.
1155 917 1229 980 Hoc
1259 938 1277 978 a
1303 915 1417 981 vicinis
1447 917 1597 982 omnibus

394 1034 428 1088 et
443 1023 529 1086 notis
553 1021 700 1087 evinoam
726 1021 806 1099 fieri,
830 1021 1055 1085 vicecomitem
1079 1031 1112 1085 et
1136 1042 1250 1084 omnes
1274 1019 1441 1084 ministros
1468 1023 1538 1106 ejus
1564 1021 1597 1085 in

393 1125 478 1190 hanc
500 1123 653 1187 inducam
669 1123 874 1200 sententiam,
891 1121 1068 1186 dummodo
1084 1131 1122 1186 tu
1138 1121 1217 1184 mihi
1234 1121 1352 1199 faveas,
1368 1122 1597 1208 etquicunque

395 1229 501 1295 conati
517 1228 637 1292 fuerint
651 1227 749 1291 fidem
765 1228 868 1291 facere
880 1225 1045 1311 judicibus
1061 1235 1118 1289 aut
1133 1225 1228 1289 alicui
1244 1226 1410 1310 potestati,
1426 1227 1513 1312 quod
1527 1228 1596 1313 ipse

395 1345 471 1396 tuus
486 1333 583 1396 fuerit
597 1344 654 1394 aut
668 1333 802 1395 maritus
818 1341 894 1394 tuus
917 1339 974 1392 aut
998 1329 1181 1392 divitiarum
1200 1350 1371 1413 possessor
1384 1330 1531 1410 istarum,
1547 1353 1597 1396 me

395 1437 505 1500 statim
521 1435 631 1500 audito
653 1435 830 1520 quiescent,
846 1443 880 1498 et
894 1433 922 1496 si
937 1443 1085 1518 oporteat
1096 1433 1254 1517 jurabunt
1279 1433 1313 1496 in
1339 1435 1547 1514 contrarium,
1562 1451 1598 1500 ut

394 1539 456 1604 sibi
479 1540 550 1624 ipse
573 1539 612 1602 de
639 1559 674 1601 se
698 1537 859 1602 discredat
883 1547 917 1602 et
941 1537 1097 1600 fascinata
1112 1546 1221 1601 mente
1236 1536 1313 1600 alias
1334 1545 1425 1601 extra
1447 1560 1482 1602 se
1505 1548 1598 1623 putet

395 1641 580 1707 Ollonem.’'
628 1640 698 1719 Illa,
714 1641 790 1704 licet
809 1641 872 1704 hoc
890 1639 1000 1724 perfici
1015 1661 1112 1724 posse
1128 1640 1287 1724 desperet,
1303 1641 1450 1705 assentit.
1496 1641 1596 1706 Scera

394 1745 491 1830 igitur
506 1745 588 1808 datis
598 1743 719 1828 ubique
728 1742 869 1827 praemiis
885 1742 1067 1827 additisque
1077 1743 1257 1826 promissis,
1269 1743 1355 1828 apud
1371 1765 1484 1808 omnes
1500 1757 1595 1810 notos

395 1846 523 1912 Ollonis
549 1845 687 1922 obtinet,
716 1867 783 1908 non
810 1845 895 1908 enim
924 1855 1002 1908 sunt
1030 1844 1132 1908 firmae
1162 1867 1237 1909 cum
1267 1849 1426 1931 perversis
1453 1848 1595 1913 moribus

394 1949 554 2014 amicitior.
599 1948 783 2032 Principem
803 1946 871 2010 adit
885 1957 919 2010 et
930 1948 1067 2031 judices,
1089 1958 1123 2011 et
1146 1950 1309 2032 quomodo
1325 1951 1432 2014 solent
1446 1949 1595 2015 infatuari

393 2052 557 2140 pervertit.
602 2051 714 2116 Bonus
741 2051 866 2114 cunctis
882 2050 1011 2114 videtur
1034 2050 1128 2114 dolus
1154 2062 1187 2116 et
1210 2052 1313 2116 faceta
1337 2053 1465 2131 derisi0,
1482 2054 1539 2118 sed
1563 2064 1595 2119 et

390 2157 470 2222 utile
484 2165 612 2242 putant,
627 2165 665 2218 ut
679 2154 759 2218 ficus
780 2154 965 2218 succidatur
991 2154 1119 2232 sterilis,
1135 2163 1168 2218 et
1190 2155 1354 2239 plantetur
1379 2155 1465 2218 oliva
1486 2157 1595 2221 fructi·

392 2260 503 2325 ficans.
550 2259 666 2321 Manet
680 2279 745 2320 una
760 2279 834 2321 cum
851 2277 950 2320 uxore
966 2257 1057 2341 quasi
1071 2257 1121 2320 vir
1135 2255 1297 2341 legitimus
1313 2259 1346 2320 in
1368 2257 1466 2323 domo
1483 2259 1594 2340 Sceva,

393 2371 648 2446 commentaeque
677 2368 857 2444 proeceptor
893 2360 1014 2424 fraudis
1044 2381 1111 2422 non
1152 2371 1258 2423 cessat
1293 2383 1406 2425 omnes
1436 2362 1595 2430 instruere

392 2465 556 2552 quomodo
586 2464 802 2548 respondeant
833 2463 955 2528 Olloni.
999 2462 1076 2527 Ollo
1106 2473 1198 2526 caute
1229 2474 1266 2527 ut
1295 2463 1357 2528 sibi
1396 2466 1526 2530 videtur
1562 2491 1595 2534 se

393 2568 550 2648 absentat,
583 2567 769 2632 auscultans
792 2566 896 2632 donec
927 2566 980 2630 ille
1013 2566 1191 2644 recesserit,
1214 2567 1365 2650 quatinus
1398 2567 1432 2631 in
1462 2591 1595 2635 uxorem

390 2673 476 2737 ultor
490 2672 679 2757 injuriarum
700 2681 734 2735 et
758 2681 861 2735 tortor
886 2670 1003 2735 existat
1029 2670 1098 2733 sine
1126 2679 1342 2748 succurrente,
1368 2683 1402 2735 et
1428 2693 1469 2735 ne
1492 2673 1594 2738 bono·

389 2798 462 2840 rum
492 2797 625 2839 suorum
647 2785 773 2838 vastam
794 2774 903 2837 videat
933 2795 1029 2858 quam
1060 2772 1205 2836 audierat
1230 2773 1434 2839 effusionem.
1480 2777 1593 2842 Minus

391 2881 477 2944 enim
493 2880 616 2944 laedunt
630 2901 742 2943 avaros
758 2878 862 2942 invisa
885 2900 1015 2942 suarum
1038 2899 1147 2942 rerum
1172 2877 1367 2942 detrimenta
1394 2901 1490 2966 quam
1515 2882 1593 2947 visa.

391 2982 516 3045 Videns
539 2982 671 3045 tandem
694 3003 829 3060 moram,
853 2981 1035 3066 timensque
1062 2980 1251 3066 periculum,
1267 2981 1399 3045 domum
1415 2983 1596 3064 divertitur,

392 3085 501 3171 pulsat
521 3087 667 3170 januam,
694 3095 728 3148 et
754 3085 840 3170 quod
866 3107 933 3148 non
960 3086 1070 3148 statim
1096 3084 1189 3148 adest
1215 3084 1269 3169 qui
1296 3084 1418 3170 aperiat
1432 3087 1594 3166 irascitur3

392 3192 503 3269 instet,
514 3188 702 3268 tumultuat,
714 3198 748 3253 et
759 3187 963 3252 excandescit
972 3214 981 3268 3
997 3187 1182 3272 indignatur
1197 3197 1231 3252 et
1246 3187 1349 3252 minas
1365 3189 1464 3253 addit.
1497 3191 1595 3256 Nico-

391 3295 479 3358 laum
505 3315 602 3378 quem
632 3293 806 3376 janitorem
834 3313 930 3354 suum
956 3292 1075 3356 fecerat
1101 3313 1140 3354 ex
1167 3291 1299 3355 nomine
1325 3292 1464 3376 superbe
1490 3305 1596 3360 vocat.

392 3397 497 3462 Adest
517 3394 569 3458 ille
597 3394 756 3479 similique
778 3402 906 3456 tumore
922 3393 1108 3478 respondet,
1133 3395 1217 3457 “Tu
1232 3393 1304 3478 quis
1320 3397 1375 3458 es?
1400 3395 1478 3480 quid
1492 3397 1595 3459 furis?

391 3521 456 3585 quo
472 3497 599 3584 agitaris
615 3497 783 3560 daemone?
807 3496 936 3580 utquid
952 3496 1075 3561 cerebri
1090 3496 1139 3561 tui
1153 3496 1324 3581 plectimur
1339 3497 1484 3577 insaniis,
1500 3521 1596 3583 quare

392 3603 515 3670 domini
531 3601 593 3665 mei
609 3600 750 3685 quietem
765 3598 900 3662 turbas?
947 3600 1115 3685 Numquid
1131 3601 1291 3666 lunaticus
1310 3623 1357 3680 es,
1379 3611 1436 3666 aut
1451 3603 1598 3668 similiter

389 3709 522 3772 amens?
546 3715 632 3769 certe
645 3703 672 3766 si
689 3703 821 3787 desipis,
838 3725 948 3789 sapere
965 3715 997 3768 te
1016 3705 1084 3788 jam
1099 3705 1253 3769 faciemus
1263 3731 1272 3786 3
1289 3706 1316 3768 si
1332 3727 1397 3769 non
1425 3707 1597 3790 quieveris,

390 3811 552 3894 quiescere
563 3818 595 3872 te
607 3809 709 3870 fustes
719 3806 871 3870 facient.''
904 3806 988 3870 Tum
1004 3807 1068 3883 ille,
1082 3811 1102 3842 “
1113 3807 1211 3870 Serve
1225 3807 1279 3886 mi,
1288 3806 1447 3892 numquid
1457 3829 1522 3870 non
1536 3829 1596 3894 ego

390 3935 463 3976 sum
473 3914 507 3976 ?''
523 3911 679 3976 Nicolaus
692 3935 699 3974 ε
713 3915 734 3948 “
747 3909 821 3973 Scio
833 3909 920 3994 quod
931 3919 968 3972 tu
982 3931 1017 3972 es
1028 3919 1075 3988 tu,
1091 3920 1124 3973 et
1138 3908 1255 3994 tuipse
1267 3911 1330 3973 hoc
1342 3911 1482 3975 nescis.''
1498 3910 1595 3976 Ollo:

390 4016 469 4078 “Et
483 4014 587 4078 nescis
600 4013 686 4098 quod
697 4034 809 4077 servus
823 4033 913 4076 meus
924 4035 958 4076 es
970 4012 1004 4075 l''
1049 4012 1222 4076 Nicolaus:
1247 4016 1268 4048 ‘⁶
1280 4012 1356 4076 Scio
1372 4034 1503 4076 servum
1518 4035 1597 4098 pos-

389 4139 550 4182 sessorem
562 4116 675 4180 luris.''
720 4115 817 4179 Ollo:
841 4121 863 4154 “
874 4115 973 4200 Aperi
984 4117 1048 4179 cito
1060 4116 1193 4199 januam
1210 4118 1349 4181 meam.''
1394 4117 1597 4184 Nicholaus:
