3650 4852
425 505 462 562 18
857 519 1045 565 cusanam
1069 520 1190 564 ussus
1452 519 1573 582 [uisura.
1585 519 1608 568 1.

422 677 524 748 ratus,
538 670 672 755 gratiam
682 671 712 736 ei
723 671 855 736 cesserit
865 669 1106 736 infelicitatem.
1149 671 1236 736 Nam
1253 671 1322 755 ejus
1337 669 1435 735 ouriae
1445 678 1626 756 magnates,

424 783 581 857 quantum
598 775 755 838 seminus
772 773 868 838 solito
885 774 1030 838 sentiunt
1043 773 1195 838 honorari
1210 795 1229 836 a
1243 773 1377 837 domino
1400 793 1471 852 suc,
1496 781 1624 836 tantum

422 875 531 959 ipsum
546 877 592 940 eis
608 877 784 941 detraxisse
798 877 917 941 favoris
932 885 1113 955 autumant,
1139 885 1171 940 et
1194 885 1352 960 quantum
1376 875 1486 960 ipsum
1510 874 1626 938 vident

422 975 456 1040 in
467 999 609 1042 amorem
621 981 809 1064 praefectum
819 979 915 1042 altius
925 978 1123 1064 praelectum,
1134 986 1263 1042 tantum
1276 978 1383 1062 ipsum
1395 977 1442 1041 eis
1451 977 1625 1041 abstulisse

423 1091 615 1162 queruntur3
630 1080 706 1144 etin
716 1081 856 1144 furorem
866 1081 997 1145 invidioe
1008 1081 1093 1146 versi
1103 1079 1280 1144 studiosius
1290 1080 1625 1164 deprimerenituntur

421 1201 481 1264 per
492 1182 658 1261 malitiam,
670 1205 766 1268 quem
779 1185 1017 1248 summavirtus
1033 1182 1149 1245 extulit
1163 1181 1197 1244 in
1212 1181 1358 1266 gratiam.
1384 1181 1556 1245 Armatum
1570 1181 1625 1244 vel

421 1281 529 1367 aliquo
545 1286 643 1349 modo
659 1287 878 1351 conscientem
893 1287 1044 1350 invadere
1058 1284 1244 1348 formidant.
1290 1284 1331 1347 In
1345 1284 1524 1368 pessimum
1547 1304 1624 1366 ergo

420 1386 656 1469 persecutionis
670 1409 772 1470 genus
788 1389 984 1474 degenerant
999 1387 1247 1466 accusationem,
1262 1393 1296 1450 et
1309 1385 1398 1470 gravi
1412 1394 1504 1470 parte
1519 1384 1625 1450 domi-

420 1507 500 1550 num
516 1511 611 1552 suum
626 1491 783 1555 inermem
810 1492 956 1556 sentiunt
978 1499 1012 1554 et
1034 1491 1159 1552 nudum
1183 1497 1363 1573 acceptant.
1408 1487 1523 1552 Sciunt
1546 1509 1622 1550 eum

420 1589 718 1675 zelotypiaefatuum
726 1593 1062 1678 ineptia,mittuntque
1072 1593 1154 1656 duos
1164 1592 1289 1677 exipsis
1298 1590 1624 1675 adregem,quiquasi

421 1691 1625 1779 senesBabilonicideferantreginaminnocentem,utilliSusannam,adul-

420 1801 556 1856 teratam
569 1817 642 1858 cum
649 1797 780 1880 juvene.
796 1798 867 1861 Rex
878 1797 976 1882 igitur
984 1819 1021 1862 ea
1029 1806 1120 1881 parte
1129 1795 1315 1861 vulneratus
1325 1797 1365 1860 ad
1377 1817 1432 1860 oor
1440 1818 1503 1880 qua
1514 1796 1624 1880 ipsum

420 1892 519 1957 lorica
531 1896 697 1980 sapientiae
709 1921 776 1961 non
786 1897 926 1983 tegebat,
941 1898 982 1960 ad
998 1906 1136 1962 mortem
1151 1898 1266 1977 doluit,
1281 1919 1428 1983 eoecaque
1442 1899 1624 1984 praecipita-

420 1994 510 2058 tione
526 1998 689 2082 praecepit,
712 2008 751 2061 ut
765 1999 827 2083 ipsi
844 1998 971 2063 sceleris
992 2005 1139 2060 auctores
1161 1999 1195 2061 in
1215 1997 1421 2062 innocentem
1448 2021 1536 2061 arma
1562 2000 1622 2063 du·

420 2107 531 2160 carent
554 2100 725 2164 crudeliter
749 2111 783 2164 et
807 2101 1031 2165 secretissime.
1076 2100 1163 2163 Data
1185 2109 1236 2164 est
1260 2100 1358 2184 igitur
1380 2101 1505 2164 insidiis
1529 2101 1625 2166 inno·

421 2200 536 2264 centia.
583 2203 767 2268 Proditores
784 2205 888 2268 scelus
904 2204 1007 2267 celare
1026 2203 1121 2287 jussi,
1132 2201 1246 2285 juveni
1261 2223 1296 2264 se
1306 2201 1493 2266 familiarius
1503 2203 1624 2284 verbis,

420 2300 594 2386 obsequiis,
621 2313 655 2368 et
683 2306 717 2368 in
748 2304 900 2368 omnibus
926 2303 1045 2368 amoris
1070 2302 1245 2368 conciliant
1273 2304 1503 2384 simultatibus,
1530 2308 1624 2374 etin

420 2405 490 2488 ejus
527 2407 662 2490 gratiam
686 2407 775 2472 falsis
805 2408 954 2472 amicitiae
988 2406 1212 2472 conscendunt
1236 2407 1400 2492 gradibus.
1444 2409 1626 2477 Abducunt

419 2530 494 2571 eum
510 2511 602 2592 quasi
623 2519 816 2574 venatorum
839 2510 873 2574 in
899 2509 1043 2572 nemoris
1068 2509 1262 2574 densitatem
1286 2517 1319 2572 et
1344 2522 1467 2577 secreta
1492 2516 1622 2596 deserti,

416 2612 663 2697 jugulatumque
700 2611 795 2695 lupis'
812 2621 846 2675 et
872 2610 1078 2696 serpentibus
1104 2610 1343 2696 derelinquunt,
1370 2615 1493 2700 solique
1519 2621 1624 2684 mani·

419 2717 541 2778 festant
562 2713 593 2776 ei
619 2712 674 2797 qui
690 2712 845 2798 deeeptus
860 2713 923 2777 hoc
942 2713 1105 2798 jusserat;
1127 2714 1220 2798 cujus
1243 2716 1317 2799 quia
1330 2718 1479 2783 nondum
1502 2723 1623 2788 resedit

419 2818 520 2894 furor,
545 2815 678 2878 domum
706 2823 868 2898 properat,
890 2814 1130 2901 ingrediturque
1156 2816 1198 2880 ad
1221 2817 1391 2898 thalamos,
1417 2842 1565 2890 arcanam
1589 2835 1624 2892 et

419 2917 585 2982 insolitam
600 2914 662 2979 sibi
676 2915 872 2996 conclavem,
888 2916 1062 3001 ejectisque
1084 2917 1154 2982 aliis
1179 2917 1214 2982 in
1241 2919 1343 2983 solam
1366 2942 1505 2988 vesanus
1528 2926 1624 2992 irruit

420 3019 564 3104 reginam
579 3017 743 3102 gravidam
759 3027 792 3083 et
805 3019 900 3102 juxta
924 3028 1066 3103 partum,
1087 3040 1150 3104 qua
1174 3019 1312 3104 pedibus
1337 3024 1519 3112 pugnisque
1545 3049 1624 3094 con·

420 3132 504 3196 tusa,
520 3118 731 3185 homicidium
754 3119 873 3205 duplex
897 3141 963 3184 uuo
989 3121 1124 3206 perfecit
1146 3121 1280 3206 impetu.
1324 3124 1501 3192 Advocatis
1525 3128 1624 3216 igitur

423 3243 569 3288 seorsum
598 3220 752 3305 nequitiae
778 3242 846 3284 suoe
861 3221 1006 3285 scelestis
1031 3222 1255 3309 complicibus,
1280 3235 1434 3312 tanquam
1454 3231 1554 3314 justa
1580 3233 1625 3298 sit

422 3335 533 3392 auctor
561 3323 695 3388 ultionis
721 3324 762 3388 de
788 3324 883 3410 culpa
908 3325 1026 3410 triplici
1041 3347 1149 3390 coram
1172 3328 1252 3412 ipsis
1278 3331 1447 3416 magnifica
1468 3333 1624 3418 gloriatur

419 3427 584 3516 jactantia.
629 3426 683 3490 Illi
696 3447 774 3492 vero
788 3427 897 3512 ipsum
912 3427 1004 3512 quasi
1018 3428 1124 3492 virum
1140 3429 1322 3498 animosum
1338 3443 1371 3498 et
1386 3434 1504 3502 fortem
1526 3439 1624 3503 attol-

420 3535 494 3597 lunt
508 3530 610 3594 multa
623 3528 756 3593 laudum
770 3530 1009 3613 prosecutione,
1024 3539 1062 3594 ut
1084 3553 1180 3615 quem
1196 3532 1332 3596 stultum
1347 3536 1490 3601 fecerant
1503 3540 1623 3622 perdu-
1705 3611 1713 3620 ,

420 3643 546 3700 rantem
581 3634 616 3697 in
646 3633 784 3696 stultitia
817 3641 960 3698 teneant.
1005 3633 1102 3698 Siluit
1137 3635 1335 3720 aliquamdiu
1360 3639 1440 3704 dum
1479 3663 1547 3706 non
1573 3653 1623 3707 est

422 3757 549 3822 egressa
565 3734 700 3812 seditio;
728 3733 785 3797 sed
808 3734 884 3818 quia
906 3733 963 3798 diu
982 3756 1049 3798 non
1069 3745 1190 3820 potest,
1212 3746 1251 3802 ut
1273 3739 1376 3820 aiunt,
1395 3740 1495 3806 latere
1518 3745 1625 3808 caedes

422 3837 631 3914 clandestina,
657 3836 789 3899 tandem
804 3836 934 3920 irrepsit
957 3836 992 3899 in
1018 3859 1111 3902 aures
1136 3838 1261 3922 populi,
1288 3849 1321 3904 et
1344 3851 1465 3925 quanto
1490 3845 1626 3911 tenebat

421 3959 519 4002 vocas
535 3939 633 4002 timor
647 3937 775 4022 tyranni
789 3939 943 4023 pressius,
958 3937 990 4002 in
1005 3947 1096 4006 tauto
1108 3940 1318 4007 crudescebat
1326 3941 1458 4010 infamia
1478 3967 1626 4014 susurra·

424 4039 513 4103 tione
528 4039 689 4122 frequenti
702 4039 828 4104 fortius.
873 4040 937 4104 Est
950 4049 1059 4106 autem
1085 4063 1196 4110 rumor
1219 4042 1340 4112 vetitus
1363 4045 1451 4112 licito
1476 4069 1626 4119 sermons
