3610 4852
406 537 468 594 218
805 563 808 570 ¹
839 553 1027 597 cursuram
1052 552 1173 596 maras
1420 551 1542 613 [birtine.
1557 553 1590 602 v.

404 721 506 784 muris
534 730 567 785 et
594 720 755 786 domibus.
801 723 900 788 Quod
930 746 1004 788 curn
1028 722 1227 786 innotuisset
1256 720 1333 804 regi,
1360 720 1461 804 jussit
1490 722 1606 786 domos

405 823 499 907 dejici
515 847 689 910 murosque
705 826 798 905 solvi,
813 827 896 890 tanti
915 827 1035 890 faciens
1056 826 1218 910 querelam
1235 824 1406 904 modicam,
1417 835 1456 888 ut
1471 825 1607 909 magisa

403 926 550 1012 pluribus
566 930 724 994 fatuitatis
740 941 937 1016 argueretur,
949 953 1045 1015 quam
1058 951 1098 994 ex
1115 929 1332 994 misericordia
1348 928 1479 992 meritas
1494 928 1606 993 laudes

403 1032 572 1117 acciperet.
617 1035 689 1097 Nec
704 1035 830 1098 destitit
846 1033 948 1097 donec
971 1032 1111 1096 rusticus
1127 1041 1278 1094 mutuum
1298 1031 1392 1116 longe
1408 1032 1525 1094 melius
1549 1055 1605 1118 pe-

403 1143 496 1214 teret,
512 1146 546 1200 et
557 1138 659 1222 petito
677 1139 855 1223 susciperet
867 1137 988 1200 utilius.
1035 1137 1130 1199 Pater
1142 1136 1251 1220 hujus,
1264 1135 1450 1199 Lodovicus
1461 1157 1605 1220 grossus,

402 1259 476 1302 cum
493 1239 683 1305 debellatam
700 1243 867 1306 Franciam
892 1240 952 1305 sub
968 1239 1074 1325 gladio
1096 1260 1155 1302 suo
1178 1238 1276 1302 libere
1292 1238 1493 1324 possedisset
1507 1250 1541 1303 et
1556 1241 1604 1303 in-

403 1363 570 1421 concusse,
591 1343 694 1407 filium
718 1366 814 1407 suum
835 1342 1086 1428 primogenitum
1111 1341 1298 1426 Philippum
1319 1363 1426 1426 regern
1448 1343 1535 1422 feeit,
1551 1344 1604 1428 qui

402 1455 477 1529 post
492 1446 678 1511 unctionem
696 1470 787 1510 suam
804 1457 836 1511 et
848 1447 949 1510 totius
962 1446 1105 1510 Franciae
1116 1445 1305 1510 fidelitatem
1321 1445 1493 1530 apaternis
1509 1447 1603 1531 dege·

401 1549 525 1612 neravit
548 1548 703 1630 moribus,
719 1560 753 1614 et
776 1551 888 1634 patriis
914 1551 1055 1614 deviavit
1078 1550 1248 1630 institutis,
1276 1549 1407 1613 sublimi
1431 1551 1601 1634 supercilio

400 1655 549 1738 fastuque
572 1655 741 1740 tyrannico
766 1654 923 1718 molestus
946 1653 1109 1717 omnibus.
1154 1655 1289 1718 Factum
1317 1663 1368 1718 est
1393 1664 1513 1734 autern,
1535 1655 1600 1720 dic-

399 1767 489 1821 tante
505 1759 662 1836 Domino,
677 1781 750 1822 cum
767 1757 819 1822 die
837 1759 974 1840 quadam
991 1757 1103 1821 multis
1124 1759 1297 1822 comitatus
1313 1757 1475 1843 equitibus
1498 1759 1532 1822 in
1548 1761 1602 1824 illa

398 1872 489 1946 parta
506 1862 646 1926 Parisios
663 1885 735 1947 quae
752 1862 859 1926 Greve
875 1862 993 1926 dicitur
1007 1883 1126 1946 equum
1143 1863 1354 1942 admississet,
1376 1865 1411 1925 in
1425 1862 1519 1926 litore
1543 1864 1601 1930 Se·

398 1987 486 2029 canae
500 1966 671 2051 prosiliens
688 1990 706 2030 a
721 1966 922 2051 sterquilinio
937 1987 1055 2050 porcus
1072 1967 1162 2051 niger
1178 1989 1212 2030 se
1228 1967 1288 2030 sub
1311 1966 1449 2052 pedibus
1464 1967 1602 2032 immisit

398 2069 473 2154 equi
488 2070 656 2134 currentis.
695 2069 826 2134 Corruit
841 2081 948 2132 autern
965 2090 1022 2153 per
1038 2070 1194 2132 offensam
1208 2092 1320 2155 equus,
1336 2070 1482 2154 colloque
1499 2071 1599 2136 fracto

398 2171 536 2236 decessit
551 2193 648 2256 eques
658 2195 667 2251 3
691 2171 748 2235 sed
764 2193 880 2256 porcus
900 2171 934 2234 in
957 2169 1113 2234 Secanam
1136 2169 1282 2234 sublatus
1298 2172 1440 2248 emersit,
1456 2172 1598 2258 nullique

396 2275 486 2359 prius
503 2274 672 2339 hominum
688 2275 777 2339 visus
788 2274 868 2337 nulli
880 2274 1089 2358 postmodum
1101 2273 1281 2358 apparuit*
1305 2274 1400 2339 Pater
1411 2274 1508 2358 igitur
1517 2277 1599 2359 ejus,

397 2376 584 2442 Ludovicus
608 2400 753 2463 grossus,
776 2379 876 2442 immo
904 2377 1056 2441 dominus
1079 2379 1132 2461 qui
1158 2377 1326 2442 Franciam
1350 2377 1390 2441 ab
1418 2400 1472 2442 ore
1494 2379 1597 2442 leonis

396 2480 524 2564 eripuit,
548 2481 718 2545 substituit
744 2481 774 2546 ei
804 2480 1007 2545 Lodovicum
1032 2489 1238 2544 mansuetum
1264 2482 1421 2565 atpium,
1445 2491 1483 2545 ut
1509 2481 1598 2548 Sauli

395 2583 516 2648 David.
564 2584 627 2648 Hic
642 2606 698 2649 rex
713 2595 862 2669 grossus,
872 2605 947 2647 curn
968 2607 986 2646 a
1009 2605 1082 2667 rege
1098 2584 1183 2646 sicut
1199 2605 1295 2668 supra
1319 2584 1460 2648 diximus
1475 2584 1597 2670 Anglo-

394 2709 467 2750 rum
489 2687 633 2751 Henrico
655 2689 761 2752 victus
784 2687 921 2750 venissit
947 2687 1159 2764 Pontisaram,
1182 2708 1249 2749 non
1273 2709 1362 2751 more
1386 2689 1438 2750 vel
1460 2709 1595 2753 moerore

393 2790 471 2854 victi
488 2791 544 2854 sed
561 2790 758 2854 exultatione
770 2789 901 2853 victoris
913 2790 947 2853 in
959 2810 1070 2851 mensa
1084 2788 1229 2852 convivis
1245 2788 1396 2852 omnibus
1409 2789 1594 2854 laerissimus

393 2891 559 2975 apparuit3
583 2913 720 2975 cumque
736 2891 928 2955 mirarentur
943 2900 976 2954 et
991 2889 1030 2953 ab
1047 2891 1119 2974 ipso
1135 2901 1315 2974 quaererent
1329 2892 1474 2956 convivae
1494 2902 1593 2956 tantae

393 2991 514 3055 laetitiae
536 2991 694 3054 rationem
718 2991 752 3054 in
778 3001 868 3054 tanta
891 3013 987 3056 causa
1014 2991 1163 3070 tristitiae,
1190 2991 1370 3076 respondit,
1392 2995 1413 3028 “
1424 2993 1510 3056 Mihi
1533 2995 1593 3058 fre-

393 3104 529 3180 quenter
543 3095 575 3158 in
593 3095 744 3159 omnibus
760 3097 825 3159 fere
843 3095 985 3159 Franciae
1000 3094 1120 3158 finibus
1136 3097 1281 3180 contigit,
1294 3107 1330 3160 ut
1345 3119 1431 3160 nunc
1446 3110 1480 3160 et
1495 3097 1593 3162 infor-

391 3197 558 3262 tuniorum
581 3197 761 3280 frequentia
778 3196 877 3260 durus
897 3220 969 3260 som
992 3219 1170 3282 parumque
1185 3221 1316 3279 vereor;
1340 3200 1397 3264 sed
1412 3199 1591 3283 Anglorum

391 3323 448 3365 rex
475 3300 649 3379 Henricus,
669 3301 724 3386 qui
740 3323 801 3364 nos
816 3301 912 3365 bodie
928 3301 1077 3374 confecit,
1093 3302 1255 3365 continuis
1275 3303 1362 3388 jacet
1381 3303 1413 3366 in
1435 3303 1591 3368 successi·

389 3405 462 3483 bus,
477 3415 511 3469 et
526 3405 581 3490 qui
594 3427 761 3489 nunquam
777 3404 898 3489 aliquid
913 3404 1036 3468 sinistri
1052 3425 1225 3491 perpessus
1237 3417 1298 3486 est,
1315 3407 1343 3470 si
1358 3405 1548 3492 contigisset
1562 3407 1591 3472 ei

390 3509 477 3595 quod
494 3507 599 3587 nobis,
615 3508 861 3572 intolerabiliter
876 3518 909 3572 et
924 3507 1135 3572 immoderate
1149 3509 1282 3590 doleret,
1298 3520 1332 3574 et
1342 3531 1409 3594 prae
1423 3511 1589 3576 nimietate

390 3611 510 3677 doloris
530 3611 680 3674 infatuari
704 3611 809 3697 possit
823 3621 880 3674 aut
895 3611 989 3689 mori,
1004 3631 1060 3674 rex
1076 3610 1182 3676 bonus
1198 3621 1232 3676 et
1254 3613 1315 3677 toti
1341 3613 1589 3678 christianismo

388 3714 598 3780 necessarius.
644 3714 726 3778 Inde
748 3723 863 3798 reputo
879 3713 1045 3778 victoriam
1062 3715 1132 3799 ejas
1155 3715 1235 3778 mihi
1255 3738 1315 3800 pro
1336 3738 1499 3796 successu,
1516 3717 1589 3800 quia

387 3818 673 3904 perdidissemus.''
706 3817 895 3881 Amicabilis
912 3818 981 3882 baec
997 3828 1030 3881 et
1046 3841 1110 3882 non
1127 3819 1287 3884 invidiosa
1301 3820 1481 3904 responsio.
1519 3821 1588 3884 Rex

385 3921 484 3998 idem,
505 3920 583 3983 durn
608 3920 713 3984 adhuc
737 3920 947 3984 contenderet
971 3942 1044 3983 cum
1072 3942 1110 3984 eo
1134 3921 1297 4006 principes
1324 3922 1385 4000 sui,
1410 3922 1587 4008 fuissetque

417 4039 431 4074 ⁸²
454 4043 506 4090 'l'ha
526 4043 598 4090 death
616 4043 645 4091 ol
659 4043 708 4090 this
726 4042 810 4105 prince
832 4041 897 4102 (who
920 4041 968 4088 had
1002 4055 1034 4089 on
1059 4041 1146 4090 Esster
1168 4041 1214 4104 day
1228 4040 1313 4106 llas)
1333 4043 1391 4093 took
1410 4044 1479 4106 place
1496 4059 1528 4093 on
1547 4045 1587 4092 the

383 4124 444 4171 been
464 4125 621 4172 consecrated
638 4131 664 4172 at
685 4125 786 4172 Rheims
799 4124 876 4171 attha
888 4139 931 4185 age
943 4123 971 4171 os
1004 4122 1061 4170 rath
1072 4122 1101 4171 of
1110 4121 1219 4171 October
1232 4124 1304 4180 1131,
1325 4124 1387 4172 aiter
1405 4125 1484 4174 which
1506 4126 1586 4183 maria,

384 4205 489 4252 thirteen
508 4221 587 4267 years,
608 4205 640 4267 by
653 4207 691 4253 his
708 4203 810 4252 father's
830 4205 966 4260 command,
1001 4203 1044 4250 the
1055 4217 1164 4266 younger
1175 4203 1284 4264 brother,
1296 4205 1439 4254 succeeded.
