3608 4862
221 537 475 605 cnunc-mu]
599 537 647 583 ιιι
671 537 783 586 soors
806 539 1032 588 ιιιιιιιιιιιιι.

549 723 724 824 Desurore
741 741 951 812 Wollensium.
995 743 1083 810 xxvi.

260 880 310 946 Ut
331 891 441 946 autem
462 877 572 944 scietis
592 901 689 965 quum
712 879 879 950 indiscreti
900 893 936 948 et
958 883 1041 950 fatui
1055 883 1172 949 furoris
1188 880 1255 948 sint
1268 881 1323 946 iroe
1338 880 1418 948 Wa-

215 982 367 1063 lensium,
381 1003 463 1068 puer
478 979 609 1068 quidum
624 983 721 1048 castri
735 985 824 1071 quod
847 984 950 1071 Sepes
973 986 1129 1052 luscise*
1143 985 1272 1065 dicitru,
1286 984 1367 1050 exiit
1379 995 1418 1051 ut

215 1107 334 1171 aquom
358 1084 488 1150 Wuium
517 1085 641 1150 scilicet
664 1085 837 1168 ιιιιιιὶιιις
868 1109 980 1153 orcum
1004 1085 1168 1154 deferebat
1191 1109 1266 1153 cum
1291 1087 1417 1152 duobus

215 1188 353 1275 sagittis,
367 1186 547 1274 obviosque
562 1186 691 1253 duobus
714 1209 756 1254 ex
776 1189 929 1255 hostibus
953 1191 1037 1277 fugit
1044 1216 1055 1272 3
1081 1190 1260 1278 fugientem
1282 1190 1323 1256 dc
1348 1199 1417 1254 tum

215 1314 318 1379 prope
333 1301 465 1358 secutus
480 1299 532 1356 est
545 1290 626 1356 ulter
643 1313 757 1358 eorum
772 1302 810 1357 ut
819 1293 889 1379 jem
912 1293 1037 1360 tenenti
1062 1294 1176 1362 similis
1200 1302 1299 1360 esset.
1333 1293 1420 1358 Puer

216 1407 327 1462 sutem
340 1395 449 1481 ipsum
463 1415 530 1458 unu
544 1393 733 1480 sagittarum
748 1417 880 1460 suarum
899 1419 958 1482 per
981 1397 1125 1464 medium
1150 1396 1290 1484 pectoris
1314 1405 1420 1462 ιιιιιι·

216 1500 309 1566 fodit.
353 1497 485 1584 Atipse
500 1497 589 1563 socio
612 1519 672 1564 suo
694 1498 751 1578 eit,
772 1499 947 1587 “Sequere
969 1501 1091 1586 ipsum,
1106 1500 1182 1585 quio
1204 1520 1265 1586 ego
1287 1499 1419 1580 morior,

215 1613 250 1670 et
265 1601 345 1668 mihi
359 1601 460 1666 vitum
475 1621 581 1665 meam
595 1601 637 1666 ab
651 1601 723 1688 ipso
734 1603 850 1669 refer.'’
895 1603 1034 1670 Secutus
1045 1603 1099 1670 ille
1110 1625 1248 1691 puerum
1259 1612 1417 1688 quantum

217 1723 276 1791 pro
291 1704 367 1770 ville
380 1701 529 1790 proximu
543 1703 662 1789 potuit,
677 1704 719 1768 od
733 1704 859 1771 socium
882 1727 979 1770 suum
1002 1705 1099 1772 rediit
1107 1731 1119 1786 3
1140 1725 1222 1790 puer
1245 1713 1354 1768 sutem
1368 1703 1418 1790 ip-

218 1829 290 1873 sum
305 1829 325 1871 s
338 1806 435 1891 longe
449 1815 580 1870 secutus
595 1814 647 1869 est
660 1804 862 1886 redeuntem,
885 1817 924 1872 ut
942 1807 1042 1874 finem
1057 1808 1137 1873 socii
1152 1807 1260 1886 sciret,
1273 1805 1419 1891 viditque

217 1909 305 1998 quod
326 1931 402 1976 cum
424 1929 523 1974 sanus
538 1908 579 1973 sd
593 1907 798 1974 vsilnerotum
811 1909 847 1974 in
861 1911 1009 1976 frutectis
1023 1910 1178 1990 venisset,
1201 1908 1352 1995 quaesivit
1365 1908 1419 1974 ifle

217 2038 238 2080 ι
252 2035 331 2080 sono
345 2021 456 2078 utrum
471 2009 533 2077 sibi
548 2011 649 2076 vitum
664 2033 683 2076 ι
697 2033 798 2096 puero
813 2013 987 2095 retulisset,
998 2036 1137 2100 cumque
1148 2013 1211 2078 sibi
1226 2033 1419 2098 responsum

219 2126 306 2183 esset
326 2135 405 2196 non,
427 2118 448 2153 “
458 2115 545 2179 Veni
572 2115 670 2196 hue‚''
698 2114 816 2201 inquit,
837 2120 909 2180 “ut
932 2126 1121 2203 susceptum
1145 2138 1166 2180 ι
1193 2137 1247 2182 me
1271 2114 1420 2180 osculum

218 2223 301 2288 feros
313 2219 404 2286 uxori
416 2240 497 2284 mese
517 2227 551 2284 et
571 2218 657 2300 filiis,
678 2219 753 2306 quia
776 2218 930 2286 morior.”
965 2221 1051 2286 Tum
1067 2241 1165 2285 sanus
1180 2239 1302 2304 regrum
1325 2237 1420 2281 oscu-

218 2324 349 2403 laretur,
360 2321 416 2408 qui
430 2320 562 2387 suberat
570 2321 683 2407 jacens
699 2343 783 2408 teger
794 2320 925 2408 cnipulo
936 2320 967 2387 ei
981 2321 1095 2386 effodit
1106 2321 1240 2401 viscera,
1255 2323 1276 2356 “
1286 2318 1421 2399 Perde,''

219 2426 379 2513 inquiens,
401 2430 423 2464 “
434 2435 525 2490 tuum
550 2425 606 2512 qui
631 2446 738 2491 meam
767 2424 847 2491 mihi
875 2447 935 2512 per
962 2424 1123 2512 ignavium
1152 2444 1220 2488 uon
1248 2421 1421 2488 retulisti?

221 2529 375 2616 Superior
402 2536 512 2594 sutem
540 2529 571 2594 ei
600 2527 747 2594 similiter
776 2551 836 2594 sua
860 2527 1018 2594 insecovit
1042 2527 1165 2593 viscere
1190 2526 1323 2612 onipulo
1349 2547 1421 2606 suo,

220 2631 343 2712 dicens,
364 2631 528 2696 “Nullam
545 2630 642 2696 facies
658 2631 698 2696 de
720 2639 825 2696 morte
847 2651 919 2694 mes
938 2629 1139 2715 jactantiam,
1163 2628 1334 2713 solumque
1358 2627 1422 2693 hoc

220 2735 302 2800 mihi
316 2733 400 2800 mule
414 2732 550 2819 contigit
571 2732 659 2819 quod
680 2754 734 2798 me
757 2732 840 2797 mori
863 2742 985 2817 cogunt
997 2731 1132 2797 vulnero
1155 2739 1223 2812 tiss,
1248 2743 1421 2816 antequam

221 2838 316 2904 uxori
329 2847 395 2904 tuse
408 2836 499 2902 bosia
511 2835 631 2903 similis
644 2833 818 2920 liberisque
832 2835 898 2899 tuis
918 2833 1179 2900 mssuderim.'’
1224 2833 1310 2900 Ecce
1324 2855 1422 2919 quom

221 2941 321 3006 stulte
336 2962 495 3027 quamque
518 2939 641 3027 injuste
662 2948 714 3005 est
735 2937 783 3004 iro
796 2938 1012 3020 Wolensium,
1036 2949 1070 3005 et
1092 2961 1189 3026 quem
1210 2939 1245 3003 iu
1268 2937 1423 3025 sanguine

220 3045 316 3132 proni
331 3053 418 3110 sunt.

562 3217 612 3281 Dc
626 3215 760 3298 quodum
768 3215 930 3301 proditio.
972 3215 1073 3282 xxvii

266 3351 451 3419 Maximum
479 3351 547 3418 scio
576 3351 749 3438 contigisse
774 3351 810 3417 in
834 3351 953 3418 Wullio
980 3351 1197 3440 prodigium.†
1241 3347 1425 3416 Willelmus

223 3457 375 3537 Loudun,
390 3455 483 3522 miles
504 3455 673 3542 Anglious,
694 3454 789 3521 fortis
804 3454 927 3521 viribus
951 3464 986 3521 et
1008 3454 1150 3520 audacior
1163 3452 1319 3541 probatu,
1334 3453 1425 3518 venit

222 3563 264 3628 sd
287 3560 503 3626 Gillebertum
529 3559 668 3640 Fobotss
694 3567 774 3625 tunc
803 3560 994 3646 episcopum
1025 3557 1310 3636 Herefordensem,
1336 3577 1424 3621 nunc

255 3697 271 3728 ⁸
295 3695 417 3761 Probsbly
446 3697 506 3760 lisy
527 3696 555 3746 lu
582 3695 808 3748 Breoknockshirs.
842 3695 944 3746 Gnoso.
979 3695 1053 3746 Βοιιιι
1069 3694 1140 3744 other
1156 3691 1426 3743 similnuleswillbs

224 3779 285 3840 Hoy
294 3778 340 3827 bus
351 3777 394 3827 the
405 3792 472 3828 sams
482 3777 596 3842 meaning
607 3792 634 3827 ιι
643 3779 726 3841 Sopor.
840 3775 917 3828 iouud
928 3776 955 3825 in
965 3775 1007 3826 W.
1019 3775 1140 3840 Nsubrlg.
1159 3775 1191 3826 de
1207 3773 1293 3824 Rebus
1303 3775 1425 3838 Angites,

257 3861 274 3915 †
291 3858 345 3908 The
356 3859 445 3908 stories
463 3858 544 3908 which
561 3858 696 3908 follows
707 3857 808 3908 curicus
841 3857 884 3908 lib.
895 3872 921 3907 ι.
934 3872 1006 3922 capp.
1019 3860 1110 3918 ima.

225 3941 349 3989 ῖιιιιιιιιι
360 3938 389 3989 oi
403 3939 447 3989 tho
458 3939 639 4002 prevdeuoeiu
657 3939 770 4003 Engioud
781 3940 808 3988 iu
873 3940 888 3999 2
906 3939 953 3989 Sec
973 3955 989 3989 ι
1010 3940 1102 3990 tormer
1123 3945 1191 4000 note,
1213 3942 1293 4002 p.19.
1329 3937 1427 3988 Gilbert

223 4020 267 4071 tho
277 4019 373 4070 twolsth
384 4025 487 4084 century
497 4019 528 4069 ot
534 4036 550 4070 ι
557 4019 633 4070 beliot
640 4021 667 4070 iu
678 4021 808 4084 tempiset,
841 4021 924 4072 Foliot
933 4036 984 4074 ιιιι
994 4021 1084 4088 bishop
1102 4021 1131 4072 ot
1148 4019 1273 4072 Herciord
1283 4019 1349 4071 from
1362 4021 1426 4074 11⁴9

223 4103 411 4168 superstition
429 4101 518 4166 chiefly
536 4101 645 4167 peculisi
661 4107 688 4155 to
708 4102 810 4154 modern
841 4107 868 4154 to
880 4102 952 4154 1162.
