3608 4862
354 479 396 554 78
788 492 976 539 concussi
993 491 1114 538 uersa
1368 492 1489 558 [nuans.
1501 495 1540 548 11.

355 647 412 727 ait,
433 645 611 712 “Domine
625 661 693 724 rex,
714 644 803 710 salva
817 646 985 731 majestate
1004 644 1101 730 regia,
1117 643 1242 708 Breauo
1261 663 1318 710 rex
1332 653 1445 710 noster
1465 655 1556 714 tanta

351 751 472 817 virtute
488 772 546 814 sua
569 768 767 834 suorumque
780 748 960 834 praepollet,
982 756 1018 812 ut
1040 769 1108 812 non
1121 746 1229 833 possis
1253 756 1290 812 tu
1310 748 1363 813 vel
1383 749 1554 836 quisquam

352 854 435 918 nlius
458 875 514 919 rex
540 853 682 938 praedam
705 873 798 918 suam
819 853 852 917 vi
867 851 1036 930 abducere,
1051 850 1104 916 die
1123 850 1178 914 illa
1198 872 1263 936 qua
1277 873 1372 918 mane
1387 854 1555 920 cacumina

352 956 515 1021 montium
529 955 630 1021 libera
645 955 711 1021 sint
724 965 759 1022 et
773 955 895 1042 absque
910 954 997 1020 nube
1011 962 1046 1018 et
1064 953 1202 1019 flumina
1217 953 1350 1020 vallium
1364 955 1552 1022 nebulosa.”

353 1061 436 1139 Rex,
461 1059 581 1125 auditis
603 1059 678 1140 hiis,
703 1060 803 1124 iratus
817 1058 909 1144 ligari
930 1080 1007 1124 eum
1017 1056 1117 1143 jussit
1138 1066 1172 1122 et
1188 1057 1224 1122 in
1246 1079 1406 1124 carcerem
1428 1059 1552 1146 projici.

351 1163 407 1227 Ad
420 1163 484 1228 hoc
505 1162 637 1250 quidam
663 1184 765 1249 nepos
780 1161 874 1246 regis,
899 1161 955 1247 qui
973 1160 1127 1246 diligebat
1141 1160 1308 1242 Trionem,
1330 1163 1463 1228 nomine
1479 1163 1552 1228 Ma·

352 1265 446 1346 dauc,
467 1265 523 1345 ait,
554 1265 742 1348 “Domina,
767 1287 835 1332 non
859 1265 926 1332 ulla
956 1264 1071 1330 facetia
1100 1287 1175 1330 cum
1208 1264 1422 1332 indemnitate
1455 1266 1550 1332 iamae

350 1379 466 1436 vestre
492 1368 583 1455 ligari
603 1378 714 1455 potest
735 1379 792 1435 sut
812 1369 896 1434 male
910 1367 1051 1448 tracmri,
1073 1375 1245 1454 antequam
1265 1368 1407 1434 mendax
1428 1369 1553 1435 inveni-

351 1481 434 1538 atur.
478 1473 579 1540 Quod
589 1472 634 1538 ait
644 1473 779 1539 nebulas
791 1493 889 1559 super
902 1471 1038 1536 flumina
1052 1470 1197 1536 deteneri
1211 1480 1245 1536 et
1259 1471 1428 1538 cacumina
1441 1473 1551 1554 libare,

352 1576 443 1662 signa
458 1585 536 1641 sunt
550 1577 752 1656 serenitatim
774 1575 846 1642 vult
860 1585 969 1641 autem
985 1573 1164 1661 significare
1184 1575 1274 1661 quod
1287 1575 1372 1640 clara
1386 1576 1439 1642 dia
1453 1599 1549 1644 nemo

351 1679 457 1766 possit
470 1679 547 1762 inde
564 1679 707 1765 praedam
723 1679 847 1766 ejicere.
893 1677 1073 1744 Probemua
1088 1700 1131 1743 an
1145 1699 1222 1744 vera
1236 1677 1281 1743 sit
1293 1679 1365 1744 haec
1383 1680 1549 1766 jactantia,

351 1782 502 1868 nactique
524 1782 731 1848 serenitatem
750 1784 850 1862 hunc,
874 1781 1031 1846 Trionem
1056 1781 1173 1846 ducem
1195 1781 1290 1846 nobis
1312 1783 1477 1866 iaciamus,
1495 1784 1550 1870 qui

351 1886 494 1973 partium
508 1886 634 1952 illarum
657 1885 740 1952 situs
754 1886 847 1952 novit
872 1907 936 1971 qua
957 1884 1204 1970 ingrediendum
1224 1894 1258 1950 et
1275 1886 1461 1952 exeundum
1476 1887 1550 1953 sit.'’

350 1989 479 2055 Annuit
500 2010 567 2070 rex,
593 1989 793 2077 ingressique
818 2011 954 2074 regnum
973 1987 1115 2053 Brebein
1139 2010 1159 2053 a
1182 1987 1382 2054 Erekeniauc
1408 1991 1550 2076 praedam

347 2093 485 2160 multam
509 2092 718 2179 collegerunt.
763 2093 904 2158 Sedebat
925 2100 1034 2157 autem
1052 2113 1110 2156 rex
1125 2091 1284 2157 Brachein
1307 2091 1342 2156 in
1361 2091 1489 2174 balneo,
1517 2103 1550 2160 et

348 2220 446 2263 nemo
461 2196 492 2262 ei
507 2196 644 2264 dicebat.
686 2196 876 2262 'rimabatur
886 2195 1002 2260 enima
1015 2194 1096 2260 vitio
1111 2217 1183 2275 suo,
1193 2217 1270 2260 nam
1282 2217 1413 2262 omnem
1429 2197 1550 2264 sinistri

348 2415 413 2485 tus,
422 2427 462 2470 eo
477 2404 564 2489 quod
579 2403 712 2469 tenebat
727 2404 795 2470 sive
809 2402 928 2489 lapide,
938 2401 1006 2468 sive
1021 2402 1118 2482 fuste,
1134 2401 1202 2467 sive
1216 2401 1335 2488 gladio,
1349 2402 1550 2489 percutiebat

349 2508 469 2589 subito,
484 2518 518 2573 et
532 2516 609 2595 post
618 2507 759 2593 primum
773 2509 898 2593 jactum
912 2516 970 2571 aut
980 2506 1082 2572 ictum
1093 2515 1151 2571 aut
1164 2506 1344 2592 impulsum
1359 2507 1547 2592 poenitebat,

349 2611 439 2678 etvel
446 2611 561 2676 loesum
569 2608 952 2689 velilloesumrevocabat,
961 2617 999 2672 ut
1009 2607 1204 2692 peraudiret.
1226 2607 1549 2676 Audiebatclamores

350 2714 480 2793 nimios,
490 2724 524 2778 et
538 2722 607 2777 erat
616 2712 728 2778 lances
737 2713 897 2798 proxima,
911 2711 999 2776 unde
1010 2711 1133 2776 lactum
1144 2720 1195 2776 est
1202 2719 1241 2776 ut
1251 2712 1396 2776 exercitu
1407 2733 1466 2780 suo
1472 2735 1549 2779 con·

349 2829 400 2884 tra
414 2817 525 2880 hostes
540 2815 676 2880 collecto
690 2836 788 2880 nemo
803 2814 833 2879 ei
848 2814 1020 2900 quicquam
1031 2813 1185 2879 nunciare
1199 2815 1419 2901 presumpsit.
1464 2817 1549 2883 Puer

348 2930 459 2986 tamen
469 2939 509 2984 ex
518 2916 728 2983 nobilissimis
737 2917 867 2982 illorum
877 2916 1010 2982 tandem
1021 2916 1056 2982 in
1064 2916 1172 2983 medio
1183 2917 1366 3005 prosiliens,
1377 2918 1433 2999 ait,
1447 2920 1550 2990 “Scio

350 3023 438 3111 quod
461 3042 522 3107 pro
537 3020 653 3086 timore
668 3043 765 3086 nemo
780 3030 926 3086 vestrum
940 3041 1123 3105 preconem
1138 3042 1174 3086 se
1188 3020 1256 3106 regi
1276 3030 1390 3088 nostro
1410 3025 1548 3092 rumoris

348 3122 623 3212 hujusfaciet,sed
634 3123 1547 3212 simihiomnesbenedixeritis,nuntiaboeiperioulum;”

348 3240 382 3297 et
396 3227 571 3294 summisso
587 3228 691 3314 capite
703 3238 915 3315 susceptaque
924 3227 965 3292 ab
981 3226 1133 3292 omnibus
1149 3249 1305 3293 manuum
1320 3237 1354 3293 et
1367 3228 1549 3316 linguarum

347 3331 584 3414 benedictione,
599 3333 666 3418 regi
686 3331 789 3398 astitit
812 3331 959 3411 interius,
983 3339 1017 3397 et
1037 3331 1091 3412 ait,
1116 3334 1138 3368 “
1146 3332 1274 3396 Vestrae
1300 3339 1394 3398 terrae
1419 3353 1548 3419 reynos,

347 3439 454 3508 idest
475 3435 706 3516 Brachaniauc,
728 3458 795 3501 non
816 3443 966 3521 pugnent
985 3435 1103 3500 amodo
1129 3434 1204 3521 quia
1223 3434 1374 3501 animalia
1396 3436 1547 3504 desunt.”

349 3541 503 3609 Prosiluit
527 3560 603 3625 ergo
626 3561 683 3605 rex
710 3538 870 3618 abalneo,
885 3547 919 3603 et
941 3538 976 3602 in
993 3537 1111 3603 luroris
1136 3539 1262 3624 impetu
1283 3539 1423 3625 lapidem
1445 3561 1547 3628 prope

346 3660 511 3732 repertum
533 3643 568 3708 in
591 3642 700 3730 ipsum
725 3641 865 3729 projicit,
889 3642 946 3708 sed
972 3663 1040 3708 non
1065 3645 1285 3728 consequitur,
1311 3652 1345 3708 et
1369 3663 1460 3710 more
1486 3666 1545 3710 suo

345 3758 485 3828 revocat,
508 3747 707 3833 edoctusque
730 3767 887 3824 maiores,
909 3743 1045 3830 arreptis
1070 3744 1217 3810 vestibus
1240 3756 1274 3812 et
1293 3745 1402 3828 armis,
1417 3767 1547 3833 compe-

345 3851 451 3915 ditum
465 3849 568 3914 insilit
580 3850 615 3915 in
630 3871 761 3936 equum,
776 3849 832 3936 qui
846 3848 947 3914 libere
966 3847 1075 3934 ipsum
1099 3857 1134 3913 et
1147 3848 1239 3934 quasi
1259 3870 1326 3914 non
1341 3849 1546 3936 compeditus

345 3974 365 4017 a
387 3962 499 4018 monte
522 3952 703 4034 Cumeraic,
725 3952 783 4018 ubi
806 3962 885 4018 tuno
907 3961 986 4032 erat,
1009 3972 1112 4037 usque
1134 3950 1170 4014 in
1188 3961 1306 4016 terram
1322 3974 1415 4017 suam
1429 3953 1547 4040 rapuit,

345 4053 403 4119 ubi
426 4076 445 4118 a
467 4054 601 4120 muliere
627 4055 824 4122 ammonitus
839 4065 891 4120 est
905 4076 1026 4141 equum
1047 4054 1171 4120 solvere
1197 4076 1217 4119 a
1241 4055 1464 4142 compedibus,
1489 4057 1546 4144 qui

345 4156 455 4222 statim
469 4157 576 4237 haesit,
591 4169 624 4224 et
647 4159 821 4244 compertis
841 4159 978 4226 vinculis
1002 4158 1077 4246 equi
1102 4158 1153 4224 sui
1175 4181 1241 4225 non
1261 4161 1422 4246 processit
1442 4159 1546 4226 donec
