3650 4852
270 522 331 586 Cap.
343 521 423 586 nin]
634 521 681 565 DE
706 519 816 566 Noeta
840 519 1065 568 currentum.
1407 513 1451 574 39

253 673 412 758 propitios
431 671 583 750 babeant,
604 693 671 736 non
694 681 803 736 tamen
825 671 1002 757 proximos.
1046 675 1174 740 Locum
1191 673 1289 759 igitur
1303 677 1344 739 sd
1359 676 1452 742 habi-

253 775 397 840 taculum
411 774 552 838 habilem
567 773 702 857 eligunt,
716 795 783 839 non
798 773 1007 840 inhabitalem
1023 778 1080 842 sed
1105 777 1334 858 inhabitatum,
1356 803 1452 844 mun·

255 879 344 958 dnm,
362 877 561 955 loecundum,
583 876 803 961 responsalem
826 879 984 962 frugibus,
1001 901 1068 944 non
1092 871 1238 964 ineptum
1262 881 1452 962 seminibus,

254 990 383 1065 septum
397 979 596 1057 nemoribus,
609 979 836 1044 scaturientem
851 979 1007 1059 lontibus,
1023 981 1262 1066 cornucopiam,
1278 983 1384 1048 locum
1396 1006 1453 1048 ex-

254 1091 305 1146 tra
319 1084 480 1146 mundum
496 1081 531 1146 in
546 1082 642 1146 corde
658 1081 782 1159 mundi,
798 1090 959 1146 semotum
975 1082 1016 1147 ab
1031 1083 1218 1148 hominibus
1232 1084 1403 1150 homiuum
1417 1085 1453 1150 in

255 1185 373 1264 medio,
388 1183 532 1250 seculum
548 1182 629 1248 scire
643 1184 800 1263 volentes,
815 1206 834 1248 a
849 1183 957 1249 seculo
973 1184 1047 1250 sciri
1065 1185 1223 1265 volentes,
1245 1195 1283 1250 ut
1298 1186 1354 1270 qui

523 1317 588 1380 fugit
598 1317 629 1366 ad
640 1319 734 1378 sabces,
747 1323 773 1368 et
784 1335 810 1368 sc
821 1319 890 1382 cupit
900 1322 957 1367 autc
968 1319 1072 1368 videri!

256 1429 443 1494 Portionem
458 1449 533 1513 ergo
548 1429 646 1492 vilem
668 1438 702 1492 et
717 1427 945 1514 despicabilem
967 1431 1001 1494 in
1024 1430 1132 1495 medio
1154 1431 1263 1516 magni
1278 1433 1419 1498 nemoris
1435 1456 1454 1498 a

257 1530 355 1596 divite
378 1531 520 1615 quodam
547 1531 709 1615 optinent,
731 1531 843 1594 multis
865 1531 1061 1597 innocentiae
1086 1531 1315 1613 simultatibus,
1340 1535 1455 1600 diutis-

257 1633 346 1698 simis
361 1635 522 1719 precibus,
537 1633 611 1698 Deo
626 1634 760 1719 singulis
783 1634 909 1719 adjecto
934 1633 1075 1720 syllabis.
1120 1635 1290 1700 Eruncant
1304 1636 1402 1721 igitur
1421 1647 1456 1702 et

256 1734 399 1802 evellunt
427 1758 554 1814 nemus,
584 1747 618 1801 et
646 1737 799 1801 radicitus
822 1757 841 1799 a
867 1737 967 1822 stirpe
990 1738 1190 1823 compellunt
1212 1738 1245 1801 in
1272 1739 1454 1826 planiciem,

256 1839 387 1904 inrtices
403 1839 436 1902 in
452 1839 572 1924 fruges,
587 1839 621 1903 in
637 1851 706 1904 sata
730 1839 841 1904 salicta
856 1849 986 1925 cogunt,
1001 1841 1124 1904 vimina
1138 1841 1289 1927 redigunt
1310 1841 1344 1904 in
1359 1843 1453 1921 vites,

256 1951 290 2006 et
304 1951 342 2006 ut
355 1941 418 2004 illis
439 1938 539 2004 libere
556 1952 695 2006 vacuant
709 1941 986 2028 occupationibus,
1003 1943 1169 2008 detrahere
1184 1943 1318 2007 forsitan
1334 1943 1455 2028 aliquid

256 2052 386 2130 oportet
415 2043 624 2108 orationibus.
670 2045 761 2109 Sedit
797 2044 921 2108 dudum
951 2045 1058 2110 Maria
1088 2045 1179 2130 quasi
1209 2067 1277 2108 non
1299 2045 1454 2110 miserens

254 2143 402 2209 laborum
418 2145 559 2208 Marthae
567 2151 600 2224 ;†
615 2145 717 2230 surgit
729 2144 764 2208 in
779 2145 842 2209 hiis
857 2147 899 2210 ad
914 2147 1164 2211 sollicitudinem
1181 2147 1323 2210 Merthoe
1350 2145 1455 2209 Maria

258 2247 455 2311 clementior.
500 2247 641 2310 Ordines
670 2246 724 2311 alii
753 2247 858 2311 media
880 2256 976 2311 nocte
1006 2259 1144 2333 surgunt
1165 2249 1206 2312 ad
1232 2247 1454 2313 confitendum

257 2349 401 2414 Domino
417 2350 595 2414 secundum
619 2349 849 2434 psalmistam,‡
874 2350 1014 2434 fessique
1029 2360 1106 2434 post
1130 2351 1243 2414 horam
1268 2349 1453 2428 dormiuut3

256 2451 304 2516 hii
325 2473 402 2516 vero
423 2452 485 2516 sibi
507 2451 622 2516 lortius
645 2462 678 2516 et
699 2451 818 2515 arctius
840 2451 1048 2536 imperantes,
1069 2461 1144 2535 post
1165 2451 1280 2514 horam
1302 2451 1344 2514 ad
1369 2451 1455 2515 diem

257 2576 359 2639 usque
382 2553 498 2640 vigiliis
529 2561 562 2617 et
584 2551 783 2617 orationibus
809 2553 959 2617 insistere
984 2563 1177 2619 statuerunt.
1221 2553 1455 2618 Verumtamen

258 2666 335 2742 post
349 2658 548 2743 aliquantum
563 2657 720 2742 temporis
734 2657 796 2721 hoc
811 2655 858 2720 eis
873 2655 1002 2720 difficile
1016 2657 1124 2720 visum
1145 2666 1206 2736 est,
1228 2665 1262 2720 ct
1276 2655 1351 2742 quia
1373 2665 1456 2720 tem·

259 2779 338 2842 pore
352 2758 414 2822 fuit
429 2768 553 2824 mutare
569 2759 747 2837 decretum,
761 2759 946 2822 maluerunt
960 2759 1072 2823 horam
1088 2769 1212 2824 mutare
1228 2760 1342 2824 medice
1351 2759 1457 2825 noctis

257 2858 292 2922 in
307 2859 545 2938 antelucanum,
570 2869 608 2924 ut
623 2861 753 2945 synaxis
768 2883 833 2926 una
848 2882 923 2926 cum
937 2870 1034 2927 nocte
1048 2861 1148 2926 finem
1169 2859 1298 2940 habeat,
1320 2884 1362 2925 ne
1377 2861 1456 2947 quid

258 2961 293 3025 in
307 2963 452 3027 fraudem
466 2963 545 3048 legis
559 2961 628 3028 fiat.
671 2963 738 3028 Alii
753 2972 890 3048 surgunt
904 2973 978 3028 ante
994 2963 1192 3042 Luciferum,
1212 2961 1267 3026 isti
1281 2963 1392 3047 potius
1407 2973 1455 3044 ut,

646 3097 663 3148 J
665 3113 714 3157 am,
726 3097 787 3146 lucis
798 3101 853 3146 orto
864 3096 952 3155 sidera,

647 3177 729 3226 Deum
740 3192 868 3240 precemur
879 3177 1026 3240 supplices}

262 3289 441 3377 completis
473 3291 563 3357 horis
589 3300 624 3354 et
656 3289 755 3354 missa
784 3289 1031 3374 coegrediuntur
1056 3290 1099 3354 ad
1133 3288 1288 3354 laborem.
1334 3287 1459 3353 Placuit

258 3393 323 3459 hiis
352 3406 490 3481 quatuor
529 3393 646 3458 arctior
674 3403 707 3457 et
746 3392 912 3477 angustior
950 3391 1060 3476 regula
1096 3412 1193 3476 quam
1229 3389 1316 3454 beati
1349 3389 1459 3454 Basilii

259 3497 313 3560 vel
328 3497 514 3561 Benedicti:
544 3495 679 3581 pelliciis
701 3494 876 3574 abstinent,
899 3503 932 3559 et
956 3493 1060 3568 lincis,
1083 3501 1117 3556 et
1142 3492 1239 3556 etiam
1266 3491 1458 3569 stramineis‚

258 3596 362 3662 laneis
391 3597 513 3681 absque
546 3598 687 3661 tinctura
716 3597 872 3675 contenti,
901 3605 1057 3678 tantoque
1085 3593 1182 3658 corde
1210 3599 1413 3656 recesserunt
1441 3611 1460 3653 a

294 3781 310 3813 ⁸
326 3780 665 3845 virgil,sclog.111.1.6⁵.
876 3795 950 3844 anper
965 3777 1059 3841 judicis
1065 3776 1250 3839 justificationis
1260 3777 1335 3825 tuas·

294 3869 313 3924 †
331 3865 393 3915 Luc.
405 3879 431 3913 x.
443 3866 485 3911 38.
911 3864 924 3919 5
940 3859 993 3908 The
1003 3860 1059 3908 first
1070 3859 1134 3908 lines
1145 3859 1173 3908 ol
1188 3859 1232 3908 the
1245 3859 1323 3922 hymn
1342 3856 1382 3905 for
1394 3857 1459 3906 Sun-

295 3948 310 4008 ss
328 3949 369 3997 Aa
377 3947 514 3997 alludente
524 3944 589 3994 Psal.
600 3942 682 3993 cxviii.
694 3943 735 3992 62.
759 3943 776 3970 ‘⁴
787 3942 845 3992 Ma·
879 3941 1072 4004 dayatprimeiu
1081 3941 1124 3990 the
1132 3955 1247 3990 common
1256 3937 1461 3991 Romishchurch

264 4029 304 4078 dia
320 4035 393 4080 nocte
411 4028 541 4092 surgebam
560 4027 592 4077 ud
607 4025 772 4076 confitendum
792 4025 848 4086 tibi,
880 4023 982 4076 service.
