<?xml version="1.0" encoding="UTF-8"?>
<!DOCTYPE html PUBLIC "-//W3C//DTD XHTML 1.0 Transitional//EN"
    "http://www.w3.org/TR/xhtml1/DTD/xhtml1-transitional.dtd">
<html xmlns="http://www.w3.org/1999/xhtml" xml:lang="en" lang="en">
 <head>
  <title>
</title>
<meta http-equiv="Content-Type" content="text/html;charset=utf-8" />
  <meta name='ocr-system' content='tesseract 3.04.00' />
  <meta name='ocr-capabilities' content='ocr_page ocr_carea ocr_par ocr_line ocrx_word'/>
</head>
<body>
  <div class='ocr_page' id='page_1' title='image "./gualterimapesde00mapgoog/gualterimapesde00mapgoog_0169.png"; bbox 0 0 3608 4862; ppageno 0'>
   <div class='ocr_carea' id='block_1_1' title="bbox 399 535 1583 610">
    <p class='ocr_par' dir='ltr' id='par_1_1' title="bbox 399 535 1583 610">
     <span class='ocr_line' id='line_1_1' title="bbox 399 535 1583 610; baseline 0.003 -18"><span class='ocrx_word' id='word_1_1' title='bbox 399 535 459 593; x_wconf 81' lang='grc'><strong>148</strong></span> <span class='ocrx_word' id='word_1_2' title='bbox 823 549 1010 594; x_wconf 76' lang='lat' dir='ltr'><strong>ouanrsnr</strong></span> <span class='ocrx_word' id='word_1_3' title='bbox 1036 548 1156 592; x_wconf 72' lang='lat' dir='ltr'><strong>uenas</strong></span> <span class='ocrx_word' id='word_1_4' title='bbox 1401 547 1522 610; x_wconf 73' lang='lat' dir='ltr'><strong>[Daune.</strong></span> <span class='ocrx_word' id='word_1_5' title='bbox 1536 546 1583 596; x_wconf 74' lang='grc' dir='ltr'><strong>ιν.</strong></span> 
     </span>
    </p>
   </div>
   <div class='ocr_carea' id='block_1_2' title="bbox 395 713 1600 3782">
    <p class='ocr_par' dir='ltr' id='par_1_2' title="bbox 395 713 1600 2858">
     <span class='ocr_line' id='line_1_2' title="bbox 397 713 1599 801; baseline -0.002 -19"><span class='ocrx_word' id='word_1_6' title='bbox 397 718 486 782; x_wconf 88' lang='lat' dir='ltr'><strong>diurn</strong></span> <span class='ocrx_word' id='word_1_7' title='bbox 501 715 671 797; x_wconf 72' lang='lat' dir='ltr'><strong>Terentiae,</strong></span> <span class='ocrx_word' id='word_1_8' title='bbox 687 717 815 780; x_wconf 83' lang='lat' dir='ltr'><strong>uxorari</strong></span> <span class='ocrx_word' id='word_1_9' title='bbox 830 717 945 796; x_wconf 90' lang='lat' dir='ltr'><strong>noluit,</strong></span> <span class='ocrx_word' id='word_1_10' title='bbox 964 717 1074 781; x_wconf 89' lang='lat' dir='ltr'><strong>dicens</strong></span> <span class='ocrx_word' id='word_1_11' title='bbox 1098 738 1132 780; x_wconf 85' lang='lat' dir='ltr'><strong>se</strong></span> <span class='ocrx_word' id='word_1_12' title='bbox 1147 715 1267 801; x_wconf 83' lang='lat' dir='ltr'><strong>pariter</strong></span> <span class='ocrx_word' id='word_1_13' title='bbox 1289 713 1382 779; x_wconf 87' lang='lat' dir='ltr'><strong>uxori</strong></span> <span class='ocrx_word' id='word_1_14' title='bbox 1406 724 1441 780; x_wconf 88' lang='lat' dir='ltr'><strong>et</strong></span> <span class='ocrx_word' id='word_1_15' title='bbox 1453 715 1599 800; x_wconf 91' lang='lat' dir='ltr'><strong>philoso-</strong></span> 
     </span>
     <span class='ocr_line' id='line_1_3' title="bbox 395 819 1599 906; baseline -0.002 -22"><span class='ocrx_word' id='word_1_16' title='bbox 395 821 481 906; x_wconf 83' lang='lat' dir='ltr'><strong>phiae</strong></span> <span class='ocrx_word' id='word_1_17' title='bbox 502 842 633 904; x_wconf 84' lang='lat' dir='ltr'><strong>operam</strong></span> <span class='ocrx_word' id='word_1_18' title='bbox 649 821 724 885; x_wconf 87' lang='lat' dir='ltr'><strong>dare</strong></span> <span class='ocrx_word' id='word_1_19' title='bbox 748 842 812 884; x_wconf 94' lang='lat' dir='ltr'><strong>non</strong></span> <span class='ocrx_word' id='word_1_20' title='bbox 842 842 949 905; x_wconf 88' lang='lat' dir='ltr'><strong>posse.</strong></span> <span class='ocrx_word' id='word_1_21' title='bbox 994 821 1118 899; x_wconf 82' lang='lat' dir='ltr'><strong>Amice,</strong></span> <span class='ocrx_word' id='word_1_22' title='bbox 1133 819 1258 883; x_wconf 76' lang='lat' dir='ltr'><strong>utinam</strong></span> <span class='ocrx_word' id='word_1_23' title='bbox 1280 819 1343 884; x_wconf 90' lang='lat' dir='ltr'><strong>hoc</strong></span> <span class='ocrx_word' id='word_1_24' title='bbox 1366 828 1443 883; x_wconf 91' lang='lat' dir='ltr'><strong>tuus</strong></span> <span class='ocrx_word' id='word_1_25' title='bbox 1469 819 1599 883; x_wconf 89' lang='lat' dir='ltr'><strong>animus</strong></span> 
     </span>
     <span class='ocr_line' id='line_1_4' title="bbox 397 920 1598 1006; baseline 0.001 -21"><span class='ocrx_word' id='word_1_26' title='bbox 397 921 456 987; x_wconf 91' lang='lat' dir='ltr'><strong>tibi</strong></span> <span class='ocrx_word' id='word_1_27' title='bbox 473 921 678 1006; x_wconf 85' lang='lat' dir='ltr'>respondeat,</span> <span class='ocrx_word' id='word_1_28' title='bbox 693 921 746 985; x_wconf 88' lang='lat' dir='ltr'><strong>vel</strong></span> <span class='ocrx_word' id='word_1_29' title='bbox 759 933 815 985; x_wconf 91' lang='lat' dir='ltr'><strong>tua</strong></span> <span class='ocrx_word' id='word_1_30' title='bbox 829 922 939 1006; x_wconf 84' lang='lat' dir='ltr'><strong>lingua</strong></span> <span class='ocrx_word' id='word_1_31' title='bbox 954 921 1043 1000; x_wconf 89' lang='lat' dir='ltr'><strong>mihi,</strong></span> <span class='ocrx_word' id='word_1_32' title='bbox 1056 932 1089 986; x_wconf 90' lang='lat' dir='ltr'><strong>et</strong></span> <span class='ocrx_word' id='word_1_33' title='bbox 1104 921 1217 985; x_wconf 88' lang='lat' dir='ltr'><strong>saltem</strong></span> <span class='ocrx_word' id='word_1_34' title='bbox 1231 921 1394 1005; x_wconf 91' lang='lat' dir='ltr'><strong>loquendo</strong></span> <span class='ocrx_word' id='word_1_35' title='bbox 1405 920 1598 1005; x_wconf 81' lang='lat' dir='ltr'><strong>eloquentiae</strong></span> 
     </span>
     <span class='ocr_line' id='line_1_5' title="bbox 397 1023 1597 1113; baseline 0.003 -26"><span class='ocrx_word' id='word_1_36' title='bbox 397 1025 575 1113; x_wconf 89' lang='lat' dir='ltr'><strong>principem</strong></span> <span class='ocrx_word' id='word_1_37' title='bbox 612 1025 753 1110; x_wconf 85' lang='lat' dir='ltr'><strong>digneris</strong></span> <span class='ocrx_word' id='word_1_38' title='bbox 782 1026 919 1104; x_wconf 88' lang='lat' dir='ltr'><strong>imitare,</strong></span> <span class='ocrx_word' id='word_1_39' title='bbox 948 1035 986 1089; x_wconf 92' lang='lat' dir='ltr'><strong>ut</strong></span> <span class='ocrx_word' id='word_1_40' title='bbox 1016 1025 1095 1089; x_wconf 89' lang='lat' dir='ltr'><strong>mihi</strong></span> <span class='ocrx_word' id='word_1_41' title='bbox 1125 1046 1216 1110; x_wconf 90' lang='lat' dir='ltr'><strong>spem</strong></span> <span class='ocrx_word' id='word_1_42' title='bbox 1247 1024 1344 1088; x_wconf 78' lang='lat' dir='ltr'><strong>facias</strong></span> <span class='ocrx_word' id='word_1_43' title='bbox 1382 1023 1434 1089; x_wconf 86' lang='lat' dir='ltr'><strong>vel</strong></span> <span class='ocrx_word' id='word_1_44' title='bbox 1469 1047 1597 1090; x_wconf 83' lang='lat' dir='ltr'><strong>vanam.</strong></span> 
     </span>
     <span class='ocr_line' id='line_1_6' title="bbox 399 1127 1596 1214; baseline 0 -21"><span class='ocrx_word' id='word_1_45' title='bbox 399 1128 556 1193; x_wconf 85' lang='lat' dir='ltr'><strong>Caniusa</strong></span> <span class='ocrx_word' id='word_1_46' title='bbox 579 1127 727 1193; x_wconf 80' lang='lat' dir='ltr'><strong>Gadibus</strong></span> <span class='ocrx_word' id='word_1_47' title='bbox 742 1138 847 1214; x_wconf 90' lang='lat' dir='ltr'><strong>poeta,</strong></span> <span class='ocrx_word' id='word_1_48' title='bbox 863 1130 1021 1194; x_wconf 82' lang='lat' dir='ltr'><strong>facundiae</strong></span> <span class='ocrx_word' id='word_1_49' title='bbox 1044 1129 1124 1194; x_wconf 90' lang='lat' dir='ltr'><strong>levis</strong></span> <span class='ocrx_word' id='word_1_50' title='bbox 1150 1139 1184 1193; x_wconf 91' lang='lat' dir='ltr'><strong>et</strong></span> <span class='ocrx_word' id='word_1_51' title='bbox 1205 1129 1368 1214; x_wconf 71' lang='lat' dir='ltr'><strong>jocundae,</strong></span> <span class='ocrx_word' id='word_1_52' title='bbox 1383 1129 1596 1214; x_wconf 86' lang='lat' dir='ltr'><strong>reprehensus</strong></span> 
     </span>
     <span class='ocr_line' id='line_1_7' title="bbox 397 1232 1597 1318; baseline 0.002 -23"><span class='ocrx_word' id='word_1_53' title='bbox 397 1242 489 1296; x_wconf 83' lang='lat' dir='ltr'><strong>este</strong></span> <span class='ocrx_word' id='word_1_54' title='bbox 518 1233 612 1298; x_wconf 86' lang='lat' dir='ltr'><strong>Livio</strong></span> <span class='ocrx_word' id='word_1_55' title='bbox 643 1233 755 1312; x_wconf 84' lang='lat' dir='ltr'><strong>Poen0,</strong></span> <span class='ocrx_word' id='word_1_56' title='bbox 769 1232 858 1318; x_wconf 83' lang='lat' dir='ltr'><strong>gravi</strong></span> <span class='ocrx_word' id='word_1_57' title='bbox 887 1243 920 1298; x_wconf 89' lang='lat' dir='ltr'><strong>et</strong></span> <span class='ocrx_word' id='word_1_58' title='bbox 947 1243 1083 1297; x_wconf 85' lang='lat' dir='ltr'><strong>uxorato</strong></span> <span class='ocrx_word' id='word_1_59' title='bbox 1112 1233 1277 1312; x_wconf 88' lang='lat' dir='ltr'><strong>historico,</strong></span> <span class='ocrx_word' id='word_1_60' title='bbox 1306 1233 1394 1317; x_wconf 93' lang='lat' dir='ltr'><strong>quod</strong></span> <span class='ocrx_word' id='word_1_61' title='bbox 1424 1232 1597 1298; x_wconf 86' lang='lat' dir='ltr'><strong>multarum</strong></span> 
     </span>
     <span class='ocr_line' id='line_1_8' title="bbox 397 1335 1598 1422; baseline 0.003 -23"><span class='ocrx_word' id='word_1_62' title='bbox 397 1335 552 1420; x_wconf 83' lang='lat' dir='ltr'><strong>gauderet</strong></span> <span class='ocrx_word' id='word_1_63' title='bbox 565 1335 740 1415; x_wconf 86' lang='lat' dir='ltr'><strong>amoribus,</strong></span> <span class='ocrx_word' id='word_1_64' title='bbox 755 1336 806 1400; x_wconf 92' lang='lat' dir='ltr'><strong>his</strong></span> <span class='ocrx_word' id='word_1_65' title='bbox 821 1335 939 1415; x_wconf 83' lang='lat' dir='ltr'><strong>verbis,</strong></span> <span class='ocrx_word' id='word_1_66' title='bbox 951 1336 1139 1401; x_wconf 89' lang='lat' dir='ltr'><strong>“Nostram</strong></span> <span class='ocrx_word' id='word_1_67' title='bbox 1154 1335 1393 1421; x_wconf 81' lang='lat' dir='ltr'><strong>philosophiam</strong></span> <span class='ocrx_word' id='word_1_68' title='bbox 1408 1335 1598 1422; x_wconf 83' lang='lat' dir='ltr'><strong>participare</strong></span> 
     </span>
     <span class='ocr_line' id='line_1_9' title="bbox 398 1438 1597 1524; baseline 0.002 -22"><span class='ocrx_word' id='word_1_69' title='bbox 398 1461 465 1504; x_wconf 91' lang='lat' dir='ltr'><strong>non</strong></span> <span class='ocrx_word' id='word_1_70' title='bbox 481 1440 612 1524; x_wconf 84' lang='lat' dir='ltr'><strong>poteris,</strong></span> <span class='ocrx_word' id='word_1_71' title='bbox 631 1439 709 1503; x_wconf 91' lang='lat' dir='ltr'><strong>dum</strong></span> <span class='ocrx_word' id='word_1_72' title='bbox 724 1463 743 1503; x_wconf 83' lang='lat' dir='ltr'><strong>e</strong></span> <span class='ocrx_word' id='word_1_73' title='bbox 757 1449 807 1508; x_wconf 88' lang='lat' dir='ltr'><strong>tot</strong></span> <span class='ocrx_word' id='word_1_74' title='bbox 817 1439 1038 1524; x_wconf 81' lang='lat' dir='ltr'><strong>participaris3</strong></span> <span class='ocrx_word' id='word_1_75' title='bbox 1061 1461 1128 1503; x_wconf 92' lang='lat' dir='ltr'><strong>non</strong></span> <span class='ocrx_word' id='word_1_76' title='bbox 1149 1438 1235 1502; x_wconf 91' lang='lat' dir='ltr'><strong>enim</strong></span> <span class='ocrx_word' id='word_1_77' title='bbox 1251 1460 1289 1503; x_wconf 92' lang='lat' dir='ltr'><strong>eo</strong></span> <span class='ocrx_word' id='word_1_78' title='bbox 1310 1438 1418 1522; x_wconf 91' lang='lat' dir='ltr'><strong>jecore</strong></span> <span class='ocrx_word' id='word_1_79' title='bbox 1432 1439 1597 1504; x_wconf 86' lang='lat' dir='ltr'><strong>Junonem</strong></span> 
     </span>
     <span class='ocr_line' id='line_1_10' title="bbox 398 1539 1599 1626; baseline 0.002 -24"><span class='ocrx_word' id='word_1_80' title='bbox 398 1550 486 1604; x_wconf 82' lang='lat' dir='ltr'><strong>amat</strong></span> <span class='ocrx_word' id='word_1_81' title='bbox 499 1541 626 1626; x_wconf 82' lang='lat' dir='ltr'><strong>Tityus,</strong></span> <span class='ocrx_word' id='word_1_82' title='bbox 638 1540 724 1624; x_wconf 92' lang='lat' dir='ltr'><strong>quod</strong></span> <span class='ocrx_word' id='word_1_83' title='bbox 739 1540 833 1606; x_wconf 89' lang='lat' dir='ltr'><strong>multi</strong></span> <span class='ocrx_word' id='word_1_84' title='bbox 842 1541 987 1605; x_wconf 88' lang='lat' dir='ltr'><strong>vultures</strong></span> <span class='ocrx_word' id='word_1_85' title='bbox 1002 1540 1037 1604; x_wconf 90' lang='lat' dir='ltr'><strong>in</strong></span> <span class='ocrx_word' id='word_1_86' title='bbox 1052 1541 1154 1604; x_wconf 82' lang='lat' dir='ltr'><strong>multa</strong></span> <span class='ocrx_word' id='word_1_87' title='bbox 1165 1539 1354 1604; x_wconf 89' lang='lat' dir='ltr'><strong>divellunt.&#39;&#39;</strong></span> <span class='ocrx_word' id='word_1_88' title='bbox 1387 1539 1449 1604; x_wconf 89' lang='lat' dir='ltr'><strong>Cui</strong></span> <span class='ocrx_word' id='word_1_89' title='bbox 1466 1540 1599 1620; x_wconf 89' lang='lat' dir='ltr'><strong>Canius,</strong></span> 
     </span>
     <span class='ocr_line' id='line_1_11' title="bbox 401 1643 1599 1730; baseline -0.001 -22"><span class='ocrx_word' id='word_1_90' title='bbox 401 1643 470 1708; x_wconf 85' lang='lat' dir='ltr'><strong>“Si</strong></span> <span class='ocrx_word' id='word_1_91' title='bbox 485 1645 615 1729; x_wconf 89' lang='lat' dir='ltr'><strong>quando</strong></span> <span class='ocrx_word' id='word_1_92' title='bbox 630 1643 730 1724; x_wconf 91' lang='lat' dir='ltr'><strong>labor,</strong></span> <span class='ocrx_word' id='word_1_93' title='bbox 746 1665 876 1730; x_wconf 84' lang='lat' dir='ltr'><strong>resurgo</strong></span> <span class='ocrx_word' id='word_1_94' title='bbox 892 1645 1036 1724; x_wconf 82' lang='lat' dir='ltr'><strong>cautius3</strong></span> <span class='ocrx_word' id='word_1_95' title='bbox 1053 1645 1080 1708; x_wconf 86' lang='lat' dir='ltr'><strong>si</strong></span> <span class='ocrx_word' id='word_1_96' title='bbox 1095 1644 1260 1729; x_wconf 89' lang='lat' dir='ltr'><strong>paululum</strong></span> <span class='ocrx_word' id='word_1_97' title='bbox 1277 1643 1452 1728; x_wconf 90' lang='lat' dir='ltr'><strong>opprimor,</strong></span> <span class='ocrx_word' id='word_1_98' title='bbox 1465 1643 1599 1708; x_wconf 90' lang='lat' dir='ltr'><strong>alacrius</strong></span> 
     </span>
     <span class='ocr_line' id='line_1_12' title="bbox 398 1748 1600 1827; baseline 0.001 -16"><span class='ocrx_word' id='word_1_99' title='bbox 398 1769 529 1812; x_wconf 90' lang='lat' dir='ltr'><strong>resumo</strong></span> <span class='ocrx_word' id='word_1_100' title='bbox 554 1769 659 1813; x_wconf 82' lang='lat' dir='ltr'><strong>aerem</strong></span> <span class='ocrx_word' id='word_1_101' title='bbox 671 1772 682 1827; x_wconf 85' lang='lat'>3</span> <span class='ocrx_word' id='word_1_102' title='bbox 714 1748 800 1812; x_wconf 89' lang='lat' dir='ltr'><strong>vices</strong></span> <span class='ocrx_word' id='word_1_103' title='bbox 826 1749 971 1812; x_wconf 89' lang='lat' dir='ltr'><strong>noctium</strong></span> <span class='ocrx_word' id='word_1_104' title='bbox 995 1748 1063 1811; x_wconf 90' lang='lat' dir='ltr'><strong>dies</strong></span> <span class='ocrx_word' id='word_1_105' title='bbox 1088 1748 1231 1814; x_wconf 92' lang='lat' dir='ltr'><strong>reddunt</strong></span> <span class='ocrx_word' id='word_1_106' title='bbox 1258 1748 1408 1826; x_wconf 76' lang='lat' dir='ltr'><strong>laetiores,</strong></span> <span class='ocrx_word' id='word_1_107' title='bbox 1432 1748 1489 1812; x_wconf 90' lang='lat' dir='ltr'><strong>scd</strong></span> <span class='ocrx_word' id='word_1_108' title='bbox 1509 1758 1600 1812; x_wconf 87' lang='lat' dir='ltr'><strong>tene·</strong></span> 
     </span>
     <span class='ocr_line' id='line_1_13' title="bbox 398 1847 1599 1936; baseline 0.002 -24"><span class='ocrx_word' id='word_1_109' title='bbox 398 1847 529 1914; x_wconf 78' lang='lat' dir='ltr'><strong>brorum</strong></span> <span class='ocrx_word' id='word_1_110' title='bbox 543 1851 742 1936; x_wconf 82' lang='lat' dir='ltr'><strong>perpetuitas</strong></span> <span class='ocrx_word' id='word_1_111' title='bbox 756 1850 860 1914; x_wconf 89' lang='lat' dir='ltr'><strong>instar</strong></span> <span class='ocrx_word' id='word_1_112' title='bbox 873 1849 990 1915; x_wconf 88' lang='lat' dir='ltr'><strong>inferni</strong></span> <span class='ocrx_word' id='word_1_113' title='bbox 1005 1859 1064 1913; x_wconf 88' lang='lat' dir='ltr'><strong>est.</strong></span> <span class='ocrx_word' id='word_1_114' title='bbox 1103 1849 1157 1914; x_wconf 88' lang='lat' dir='ltr'><strong>Sic</strong></span> <span class='ocrx_word' id='word_1_115' title='bbox 1171 1849 1237 1914; x_wconf 89' lang='lat' dir='ltr'><strong>lilia</strong></span> <span class='ocrx_word' id='word_1_116' title='bbox 1250 1849 1405 1934; x_wconf 80' lang='lat' dir='ltr'><strong>primaeva</strong></span> <span class='ocrx_word' id='word_1_117' title='bbox 1414 1850 1505 1915; x_wconf 84' lang='lat' dir='ltr'><strong>verni</strong></span> <span class='ocrx_word' id='word_1_118' title='bbox 1521 1850 1599 1916; x_wconf 91' lang='lat' dir='ltr'><strong>solis</strong></span> 
     </span>
     <span class='ocr_line' id='line_1_14' title="bbox 400 1950 1599 2037; baseline 0.001 -23"><span class='ocrx_word' id='word_1_119' title='bbox 400 1951 547 2016; x_wconf 82' lang='lat' dir='ltr'><strong>deliciata</strong></span> <span class='ocrx_word' id='word_1_120' title='bbox 569 1950 747 2036; x_wconf 88' lang='lat' dir='ltr'><strong>teporibus,</strong></span> <span class='ocrx_word' id='word_1_121' title='bbox 762 1952 915 2016; x_wconf 80' lang='lat' dir='ltr'><strong>varietate</strong></span> <span class='ocrx_word' id='word_1_122' title='bbox 931 1961 1002 2015; x_wconf 91' lang='lat' dir='ltr'><strong>tum</strong></span> <span class='ocrx_word' id='word_1_123' title='bbox 1025 1951 1208 2014; x_wconf 79' lang='lat' dir='ltr'><strong>Euronoti*</strong></span> <span class='ocrx_word' id='word_1_124' title='bbox 1225 1960 1296 2015; x_wconf 89' lang='lat' dir='ltr'><strong>tum</strong></span> <span class='ocrx_word' id='word_1_125' title='bbox 1320 1951 1462 2037; x_wconf 85' lang='lat' dir='ltr'><strong>Zephyri</strong></span> <span class='ocrx_word' id='word_1_126' title='bbox 1487 1951 1599 2016; x_wconf 74' lang='lat' dir='ltr'><strong>letitia</strong></span> 
     </span>
     <span class='ocr_line' id='line_1_15' title="bbox 399 2048 1597 2140; baseline 0 -20"><span class='ocrx_word' id='word_1_127' title='bbox 399 2055 549 2120; x_wconf 89' lang='lat' dir='ltr'><strong>effusiore</strong></span> <span class='ocrx_word' id='word_1_128' title='bbox 563 2048 746 2134; x_wconf 87' lang='lat' dir='ltr'><strong>lasciviunt,</strong></span> <span class='ocrx_word' id='word_1_129' title='bbox 762 2054 879 2139; x_wconf 91' lang='lat' dir='ltr'><strong>quibus</strong></span> <span class='ocrx_word' id='word_1_130' title='bbox 889 2076 956 2118; x_wconf 90' lang='lat' dir='ltr'><strong>uno</strong></span> <span class='ocrx_word' id='word_1_131' title='bbox 969 2054 1085 2140; x_wconf 86' lang='lat' dir='ltr'><strong>spiritu</strong></span> <span class='ocrx_word' id='word_1_132' title='bbox 1096 2054 1271 2118; x_wconf 86' lang='lat' dir='ltr'><strong>fulmineus</strong></span> <span class='ocrx_word' id='word_1_133' title='bbox 1288 2055 1432 2130; x_wconf 88' lang='lat' dir='ltr'><strong>Auster†</strong></span> <span class='ocrx_word' id='word_1_134' title='bbox 1447 2077 1597 2120; x_wconf 86' lang='lat' dir='ltr'><strong>occasum</strong></span> 
     </span>
     <span class='ocr_line' id='line_1_16' title="bbox 398 2157 1600 2242; baseline 0.001 -21"><span class='ocrx_word' id='word_1_135' title='bbox 398 2158 485 2223; x_wconf 84' lang='lat' dir='ltr'><strong>facit.</strong></span> <span class='ocrx_word' id='word_1_136' title='bbox 531 2159 620 2222; x_wconf 91' lang='lat' dir='ltr'><strong>Hinc</strong></span> <span class='ocrx_word' id='word_1_137' title='bbox 645 2158 736 2221; x_wconf 87' lang='lat' dir='ltr'><strong>Mars</strong></span> <span class='ocrx_word' id='word_1_138' title='bbox 761 2158 866 2242; x_wconf 91' lang='lat' dir='ltr'><strong>ruptis</strong></span> <span class='ocrx_word' id='word_1_139' title='bbox 887 2158 1069 2238; x_wconf 73' lang='lat' dir='ltr'><strong>resticulis1</strong></span> <span class='ocrx_word' id='word_1_140' title='bbox 1090 2158 1123 2220; x_wconf 94' lang='lat' dir='ltr'><strong>in</strong></span> <span class='ocrx_word' id='word_1_141' title='bbox 1150 2161 1262 2222; x_wconf 83' lang='lat' dir='ltr'><strong>mensa</strong></span> <span class='ocrx_word' id='word_1_142' title='bbox 1289 2157 1413 2223; x_wconf 89' lang='lat' dir='ltr'><strong>coelesti</strong></span> <span class='ocrx_word' id='word_1_143' title='bbox 1440 2157 1600 2223; x_wconf 88' lang='lat' dir='ltr'><strong>recumbit</strong></span> 
     </span>
     <span class='ocr_line' id='line_1_17' title="bbox 399 2258 1599 2344; baseline 0 -20"><span class='ocrx_word' id='word_1_144' title='bbox 399 2260 535 2325; x_wconf 83' lang='lat' dir='ltr'><strong>conviva</strong></span> <span class='ocrx_word' id='word_1_145' title='bbox 561 2281 726 2344; x_wconf 90' lang='lat' dir='ltr'><strong>superum,</strong></span> <span class='ocrx_word' id='word_1_146' title='bbox 740 2282 760 2322; x_wconf 91' lang='lat' dir='ltr'><strong>a</strong></span> <span class='ocrx_word' id='word_1_147' title='bbox 785 2281 849 2344; x_wconf 92' lang='lat' dir='ltr'><strong>qua</strong></span> <span class='ocrx_word' id='word_1_148' title='bbox 874 2259 1007 2322; x_wconf 85' lang='lat' dir='ltr'><strong>uxorius</strong></span> <span class='ocrx_word' id='word_1_149' title='bbox 1035 2258 1198 2324; x_wconf 88' lang='lat' dir='ltr'><strong>Mulciber</strong></span> <span class='ocrx_word' id='word_1_150' title='bbox 1217 2280 1276 2324; x_wconf 93' lang='lat' dir='ltr'><strong>suo</strong></span> <span class='ocrx_word' id='word_1_151' title='bbox 1302 2259 1380 2324; x_wconf 82' lang='lat' dir='ltr'><strong>lunc</strong></span> <span class='ocrx_word' id='word_1_152' title='bbox 1404 2259 1500 2344; x_wconf 85' lang='lat' dir='ltr'><strong>longe</strong></span> <span class='ocrx_word' id='word_1_153' title='bbox 1526 2260 1599 2325; x_wconf 89' lang='lat' dir='ltr'><strong>reli·</strong></span> 
     </span>
     <span class='ocr_line' id='line_1_18' title="bbox 398 2362 1598 2449; baseline 0.001 -22"><span class='ocrx_word' id='word_1_154' title='bbox 398 2374 501 2448; x_wconf 77' lang='lat' dir='ltr'><strong>gutur.</strong></span> <span class='ocrx_word' id='word_1_155' title='bbox 532 2364 585 2427; x_wconf 88' lang='lat' dir='ltr'><strong>Sic</strong></span> <span class='ocrx_word' id='word_1_156' title='bbox 599 2363 703 2428; x_wconf 86' lang='lat' dir='ltr'><strong>levius</strong></span> <span class='ocrx_word' id='word_1_157' title='bbox 718 2362 819 2448; x_wconf 85' lang='lat' dir='ltr'><strong>ligant</strong></span> <span class='ocrx_word' id='word_1_158' title='bbox 831 2363 933 2426; x_wconf 87' lang='lat' dir='ltr'><strong>multa</strong></span> <span class='ocrx_word' id='word_1_159' title='bbox 947 2363 1001 2426; x_wconf 82' lang='lat' dir='ltr'><strong>file</strong></span> <span class='ocrx_word' id='word_1_160' title='bbox 1012 2383 1107 2447; x_wconf 89' lang='lat' dir='ltr'><strong>quam</strong></span> <span class='ocrx_word' id='word_1_161' title='bbox 1119 2385 1184 2426; x_wconf 90' lang='lat' dir='ltr'><strong>una</strong></span> <span class='ocrx_word' id='word_1_162' title='bbox 1194 2363 1212 2446; x_wconf 66' lang='grc' dir='ltr'><strong>ξ</strong></span> <span class='ocrx_word' id='word_1_163' title='bbox 1224 2373 1352 2441; x_wconf 82' lang='lat' dir='ltr'><strong>catena3</strong></span> <span class='ocrx_word' id='word_1_164' title='bbox 1369 2373 1508 2449; x_wconf 89' lang='lat' dir='ltr'><strong>suntque</strong></span> <span class='ocrx_word' id='word_1_165' title='bbox 1520 2363 1598 2428; x_wconf 89' lang='lat' dir='ltr'><strong>mihi</strong></span> 
     </span>
     <span class='ocr_line' id='line_1_19' title="bbox 398 2463 1598 2549; baseline 0.003 -22"><span class='ocrx_word' id='word_1_166' title='bbox 398 2487 417 2527; x_wconf 86' lang='lat' dir='ltr'><strong>a</strong></span> <span class='ocrx_word' id='word_1_167' title='bbox 431 2464 637 2549; x_wconf 90' lang='lat' dir='ltr'><strong>philosophia</strong></span> <span class='ocrx_word' id='word_1_168' title='bbox 653 2464 774 2529; x_wconf 83' lang='lat' dir='ltr'><strong>deliciae</strong></span> <span class='ocrx_word' id='word_1_169' title='bbox 789 2463 849 2528; x_wconf 91' lang='lat' dir='ltr'><strong>tibi</strong></span> <span class='ocrx_word' id='word_1_170' title='bbox 865 2464 1010 2529; x_wconf 88' lang='lat' dir='ltr'><strong>solatia.&#39;&#39;</strong></span> <span class='ocrx_word' id='word_1_171' title='bbox 1032 2465 1157 2544; x_wconf 89' lang='lat' dir='ltr'><strong>Amice,</strong></span> <span class='ocrx_word' id='word_1_172' title='bbox 1167 2466 1333 2549; x_wconf 88' lang='lat' dir='ltr'><strong>utriusque</strong></span> <span class='ocrx_word' id='word_1_173' title='bbox 1349 2465 1485 2530; x_wconf 90' lang='lat' dir='ltr'><strong>istorum</strong></span> <span class='ocrx_word' id='word_1_174' title='bbox 1502 2467 1598 2530; x_wconf 86' lang='lat' dir='ltr'><strong>verba</strong></span> 
     </span>
     <span class='ocr_line' id='line_1_20' title="bbox 397 2565 1597 2652; baseline 0.002 -22"><span class='ocrx_word' id='word_1_175' title='bbox 397 2565 511 2652; x_wconf 88' lang='lat' dir='ltr'><strong>probo,</strong></span> <span class='ocrx_word' id='word_1_176' title='bbox 526 2569 626 2631; x_wconf 88' lang='lat' dir='ltr'><strong>vitam</strong></span> <span class='ocrx_word' id='word_1_177' title='bbox 644 2568 814 2646; x_wconf 85' lang='lat' dir='ltr'><strong>neutrius3</strong></span> <span class='ocrx_word' id='word_1_178' title='bbox 837 2567 944 2630; x_wconf 85' lang='lat' dir='ltr'><strong>minus</strong></span> <span class='ocrx_word' id='word_1_179' title='bbox 967 2575 1075 2631; x_wconf 90' lang='lat' dir='ltr'><strong>tamen</strong></span> <span class='ocrx_word' id='word_1_180' title='bbox 1098 2566 1222 2631; x_wconf 80' lang='lat' dir='ltr'><strong>laedunt</strong></span> <span class='ocrx_word' id='word_1_181' title='bbox 1240 2568 1334 2632; x_wconf 89' lang='lat' dir='ltr'><strong>multi</strong></span> <span class='ocrx_word' id='word_1_182' title='bbox 1357 2567 1462 2633; x_wconf 91' lang='lat' dir='ltr'><strong>morbi</strong></span> <span class='ocrx_word' id='word_1_183' title='bbox 1485 2568 1597 2634; x_wconf 85' lang='lat' dir='ltr'><strong>salutis</strong></span> 
     </span>
     <span class='ocr_line' id='line_1_21' title="bbox 397 2669 1598 2755; baseline 0.003 -22"><span class='ocrx_word' id='word_1_184' title='bbox 397 2669 619 2735; x_wconf 87' lang='lat' dir='ltr'><strong>vicissitudine</strong></span> <span class='ocrx_word' id='word_1_185' title='bbox 633 2670 829 2755; x_wconf 82' lang='lat' dir='ltr'><strong>interpolati,</strong></span> <span class='ocrx_word' id='word_1_186' title='bbox 841 2692 937 2755; x_wconf 89' lang='lat' dir='ltr'><strong>quam</strong></span> <span class='ocrx_word' id='word_1_187' title='bbox 949 2670 1084 2754; x_wconf 84' lang='lat' dir='ltr'><strong>languor</strong></span> <span class='ocrx_word' id='word_1_188' title='bbox 1093 2671 1208 2734; x_wconf 88' lang='lat' dir='ltr'><strong>unicus</strong></span> <span class='ocrx_word' id='word_1_189' title='bbox 1221 2669 1277 2755; x_wconf 93' lang='lat' dir='ltr'><strong>qui</strong></span> <span class='ocrx_word' id='word_1_190' title='bbox 1289 2669 1454 2736; x_wconf 91' lang='lat' dir='ltr'><strong>doloribus</strong></span> <span class='ocrx_word' id='word_1_191' title='bbox 1469 2671 1598 2737; x_wconf 90' lang='lat' dir='ltr'><strong>irreme-</strong></span> 
     </span>
     <span class='ocr_line' id='line_1_22' title="bbox 398 2773 853 2858; baseline 0 -22"><span class='ocrx_word' id='word_1_192' title='bbox 398 2773 493 2837; x_wconf 92' lang='lat' dir='ltr'><strong>diatis</strong></span> <span class='ocrx_word' id='word_1_193' title='bbox 508 2796 574 2839; x_wconf 93' lang='lat' dir='ltr'><strong>non</strong></span> <span class='ocrx_word' id='word_1_194' title='bbox 590 2785 696 2838; x_wconf 88' lang='lat' dir='ltr'><strong>cessat</strong></span> <span class='ocrx_word' id='word_1_195' title='bbox 706 2774 853 2858; x_wconf 83' lang='lat' dir='ltr'><strong>effligere.</strong></span> 
     </span>
    </p>

    <p class='ocr_par' dir='ltr' id='par_1_3' title="bbox 396 2874 1599 3782">
     <span class='ocr_line' id='line_1_23' title="bbox 442 2874 1595 2954; baseline 0.003 -15"><span class='ocrx_word' id='word_1_196' title='bbox 442 2876 601 2939; x_wconf 85' lang='lat' dir='ltr'><strong>Pacuvius</strong></span> <span class='ocrx_word' id='word_1_197' title='bbox 624 2875 706 2938; x_wconf 88' lang='lat' dir='ltr'><strong>flens</strong></span> <span class='ocrx_word' id='word_1_198' title='bbox 722 2876 767 2938; x_wconf 90' lang='lat' dir='ltr'><strong>ait</strong></span> <span class='ocrx_word' id='word_1_199' title='bbox 787 2874 881 2938; x_wconf 89' lang='lat' dir='ltr'><strong>Arrio</strong></span> <span class='ocrx_word' id='word_1_200' title='bbox 896 2874 1004 2941; x_wconf 88' lang='lat' dir='ltr'><strong>vicino</strong></span> <span class='ocrx_word' id='word_1_201' title='bbox 1021 2896 1091 2954; x_wconf 91' lang='lat' dir='ltr'><strong>suo,</strong></span> <span class='ocrx_word' id='word_1_202' title='bbox 1106 2879 1128 2912; x_wconf 90' lang='lat'><strong>“</strong></span> <span class='ocrx_word' id='word_1_203' title='bbox 1136 2875 1261 2954; x_wconf 90' lang='lat' dir='ltr'><strong>Amice,</strong></span> <span class='ocrx_word' id='word_1_204' title='bbox 1280 2875 1427 2941; x_wconf 84' lang='lat' dir='ltr'><strong>arborem</strong></span> <span class='ocrx_word' id='word_1_205' title='bbox 1442 2876 1548 2943; x_wconf 90' lang='lat' dir='ltr'><strong>habeo</strong></span> <span class='ocrx_word' id='word_1_206' title='bbox 1563 2879 1595 2943; x_wconf 92' lang='lat' dir='ltr'><strong>in</strong></span> 
     </span>
     <span class='ocr_line' id='line_1_24' title="bbox 398 2978 1597 3066; baseline 0.005 -26"><span class='ocrx_word' id='word_1_207' title='bbox 398 2978 494 3041; x_wconf 87' lang='lat' dir='ltr'><strong>horto</strong></span> <span class='ocrx_word' id='word_1_208' title='bbox 509 2999 582 3042; x_wconf 88' lang='lat' dir='ltr'><strong>meo</strong></span> <span class='ocrx_word' id='word_1_209' title='bbox 596 2978 767 3056; x_wconf 81' lang='lat' dir='ltr'><strong>infelicem,</strong></span> <span class='ocrx_word' id='word_1_210' title='bbox 782 2978 823 3042; x_wconf 86' lang='lat' dir='ltr'><strong>de</strong></span> <span class='ocrx_word' id='word_1_211' title='bbox 838 2999 901 3062; x_wconf 89' lang='lat' dir='ltr'><strong>qua</strong></span> <span class='ocrx_word' id='word_1_212' title='bbox 916 2999 951 3041; x_wconf 88' lang='lat' dir='ltr'><strong>se</strong></span> <span class='ocrx_word' id='word_1_213' title='bbox 966 2979 1070 3062; x_wconf 86' lang='lat' dir='ltr'><strong>prime</strong></span> <span class='ocrx_word' id='word_1_214' title='bbox 1085 3000 1167 3044; x_wconf 85' lang='lat' dir='ltr'><strong>uxor</strong></span> <span class='ocrx_word' id='word_1_215' title='bbox 1182 3001 1254 3043; x_wconf 80' lang='lat' dir='ltr'><strong>meo</strong></span> <span class='ocrx_word' id='word_1_216' title='bbox 1269 2980 1450 3064; x_wconf 83' lang='lat' dir='ltr'><strong>suspendit,</strong></span> <span class='ocrx_word' id='word_1_217' title='bbox 1461 2991 1494 3045; x_wconf 89' lang='lat' dir='ltr'><strong>et</strong></span> <span class='ocrx_word' id='word_1_218' title='bbox 1509 2993 1597 3066; x_wconf 89' lang='lat' dir='ltr'><strong>post-</strong></span> 
     </span>
     <span class='ocr_line' id='line_1_25' title="bbox 398 3081 1596 3165; baseline 0.004 -21"><span class='ocrx_word' id='word_1_219' title='bbox 398 3081 532 3144; x_wconf 90' lang='lat' dir='ltr'><strong>modum</strong></span> <span class='ocrx_word' id='word_1_220' title='bbox 549 3081 699 3160; x_wconf 89' lang='lat' dir='ltr'><strong>secunda,</strong></span> <span class='ocrx_word' id='word_1_221' title='bbox 722 3093 756 3144; x_wconf 92' lang='lat' dir='ltr'><strong>et</strong></span> <span class='ocrx_word' id='word_1_222' title='bbox 773 3083 841 3165; x_wconf 91' lang='lat' dir='ltr'><strong>jam</strong></span> <span class='ocrx_word' id='word_1_223' title='bbox 860 3103 947 3145; x_wconf 91' lang='lat' dir='ltr'><strong>nuno</strong></span> <span class='ocrx_word' id='word_1_224' title='bbox 962 3082 1088 3146; x_wconf 88' lang='lat' dir='ltr'><strong>tertia.&#39;&#39;</strong></span> <span class='ocrx_word' id='word_1_225' title='bbox 1134 3082 1194 3147; x_wconf 90' lang='lat' dir='ltr'><strong>Cui</strong></span> <span class='ocrx_word' id='word_1_226' title='bbox 1211 3083 1336 3162; x_wconf 89' lang='lat' dir='ltr'><strong>Arrius,</strong></span> <span class='ocrx_word' id='word_1_227' title='bbox 1351 3084 1488 3149; x_wconf 88' lang='lat' dir='ltr'><strong>“Miror</strong></span> <span class='ocrx_word' id='word_1_228' title='bbox 1511 3095 1543 3150; x_wconf 88' lang='lat' dir='ltr'><strong>te</strong></span> <span class='ocrx_word' id='word_1_229' title='bbox 1565 3086 1596 3151; x_wconf 93' lang='lat' dir='ltr'><strong>in</strong></span> 
     </span>
     <span class='ocr_line' id='line_1_26' title="bbox 398 3183 1598 3274; baseline 0.003 -26"><span class='ocrx_word' id='word_1_230' title='bbox 398 3183 499 3248; x_wconf 79' lang='lat' dir='ltr'><strong>tantis</strong></span> <span class='ocrx_word' id='word_1_231' title='bbox 517 3183 721 3248; x_wconf 88' lang='lat' dir='ltr'><strong>successibus</strong></span> <span class='ocrx_word' id='word_1_232' title='bbox 736 3185 917 3271; x_wconf 85' lang='lat' dir='ltr'><strong>lachrymas</strong></span> <span class='ocrx_word' id='word_1_233' title='bbox 931 3185 1127 3264; x_wconf 85' lang='lat' dir='ltr'><strong>invenisse,’&#39;</strong></span> <span class='ocrx_word' id='word_1_234' title='bbox 1137 3195 1170 3250; x_wconf 90' lang='lat' dir='ltr'><strong>et</strong></span> <span class='ocrx_word' id='word_1_235' title='bbox 1181 3186 1309 3266; x_wconf 88' lang='lat' dir='ltr'><strong>iterum,</strong></span> <span class='ocrx_word' id='word_1_236' title='bbox 1321 3191 1342 3224; x_wconf 90' lang='lat'><strong><em>“</em></strong></span> <span class='ocrx_word' id='word_1_237' title='bbox 1353 3187 1408 3252; x_wconf 92' lang='lat' dir='ltr'><strong>Dii</strong></span> <span class='ocrx_word' id='word_1_238' title='bbox 1419 3188 1508 3267; x_wconf 93' lang='lat' dir='ltr'><strong>boni,</strong></span> <span class='ocrx_word' id='word_1_239' title='bbox 1521 3197 1598 3274; x_wconf 93' lang='lat' dir='ltr'><strong>quot</strong></span> 
     </span>
     <span class='ocr_line' id='line_1_27' title="bbox 398 3286 1597 3374; baseline 0.003 -24"><span class='ocrx_word' id='word_1_240' title='bbox 398 3287 567 3373; x_wconf 84' lang='lat' dir='ltr'><strong>dispendia</strong></span> <span class='ocrx_word' id='word_1_241' title='bbox 590 3286 649 3351; x_wconf 93' lang='lat' dir='ltr'><strong>tibi</strong></span> <span class='ocrx_word' id='word_1_242' title='bbox 674 3286 770 3352; x_wconf 87' lang='lat' dir='ltr'><strong>arbor</strong></span> <span class='ocrx_word' id='word_1_243' title='bbox 794 3288 848 3352; x_wconf 91' lang='lat' dir='ltr'><strong>illa</strong></span> <span class='ocrx_word' id='word_1_244' title='bbox 871 3289 1083 3374; x_wconf 88' lang='lat' dir='ltr'><strong>suspenditl&#39;’</strong></span> <span class='ocrx_word' id='word_1_245' title='bbox 1100 3299 1133 3353; x_wconf 92' lang='lat' dir='ltr'><strong>et</strong></span> <span class='ocrx_word' id='word_1_246' title='bbox 1144 3290 1251 3368; x_wconf 84' lang='lat' dir='ltr'><strong>tertio,</strong></span> <span class='ocrx_word' id='word_1_247' title='bbox 1270 3293 1291 3328; x_wconf 90' lang='lat'>“</span> <span class='ocrx_word' id='word_1_248' title='bbox 1306 3290 1431 3369; x_wconf 88' lang='lat' dir='ltr'><strong>Amice,</strong></span> <span class='ocrx_word' id='word_1_249' title='bbox 1455 3292 1496 3355; x_wconf 90' lang='lat' dir='ltr'><strong>da</strong></span> <span class='ocrx_word' id='word_1_250' title='bbox 1520 3291 1597 3356; x_wconf 91' lang='lat' dir='ltr'><strong>mihi</strong></span> 
     </span>
     <span class='ocr_line' id='line_1_28' title="bbox 398 3388 1598 3478; baseline 0.006 -26"><span class='ocrx_word' id='word_1_251' title='bbox 398 3388 438 3453; x_wconf 91' lang='lat' dir='ltr'><strong>de</strong></span> <span class='ocrx_word' id='word_1_252' title='bbox 463 3389 577 3454; x_wconf 89' lang='lat' dir='ltr'><strong>arbore</strong></span> <span class='ocrx_word' id='word_1_253' title='bbox 602 3389 656 3452; x_wconf 90' lang='lat' dir='ltr'><strong>illa</strong></span> <span class='ocrx_word' id='word_1_254' title='bbox 680 3389 836 3468; x_wconf 88' lang='lat' dir='ltr'><strong>surculos,</strong></span> <span class='ocrx_word' id='word_1_255' title='bbox 861 3413 943 3475; x_wconf 91' lang='lat' dir='ltr'><strong>quos</strong></span> <span class='ocrx_word' id='word_1_256' title='bbox 968 3391 1105 3454; x_wconf 89' lang='lat' dir='ltr'><strong>seram.&#39;&#39;</strong></span> <span class='ocrx_word' id='word_1_257' title='bbox 1149 3392 1273 3470; x_wconf 87' lang='lat' dir='ltr'><strong>Amice,</strong></span> <span class='ocrx_word' id='word_1_258' title='bbox 1298 3401 1331 3456; x_wconf 90' lang='lat' dir='ltr'><strong>et</strong></span> <span class='ocrx_word' id='word_1_259' title='bbox 1355 3415 1414 3478; x_wconf 85' lang='lat' dir='ltr'><strong>ego</strong></span> <span class='ocrx_word' id='word_1_260' title='bbox 1441 3394 1501 3458; x_wconf 89' lang='lat' dir='ltr'><strong>tibi</strong></span> <span class='ocrx_word' id='word_1_261' title='bbox 1517 3395 1598 3473; x_wconf 88' lang='lat' dir='ltr'><strong>dico,</strong></span> 
     </span>
     <span class='ocr_line' id='line_1_29' title="bbox 398 3493 1598 3577; baseline 0.005 -21"><span class='ocrx_word' id='word_1_262' title='bbox 398 3502 509 3556; x_wconf 89' lang='lat' dir='ltr'><strong>metuo</strong></span> <span class='ocrx_word' id='word_1_263' title='bbox 524 3515 565 3556; x_wconf 92' lang='lat' dir='ltr'><strong>ne</strong></span> <span class='ocrx_word' id='word_1_264' title='bbox 581 3503 614 3556; x_wconf 92' lang='lat' dir='ltr'><strong>et</strong></span> <span class='ocrx_word' id='word_1_265' title='bbox 629 3503 661 3556; x_wconf 89' lang='lat' dir='ltr'><strong>te</strong></span> <span class='ocrx_word' id='word_1_266' title='bbox 677 3501 826 3577; x_wconf 87' lang='lat' dir='ltr'><strong>oporteat</strong></span> <span class='ocrx_word' id='word_1_267' title='bbox 841 3493 963 3558; x_wconf 87' lang='lat' dir='ltr'><strong>arboris</strong></span> <span class='ocrx_word' id='word_1_268' title='bbox 985 3493 1071 3558; x_wconf 89' lang='lat' dir='ltr'><strong>illius</strong></span> <span class='ocrx_word' id='word_1_269' title='bbox 1087 3495 1233 3558; x_wconf 90' lang='lat' dir='ltr'><strong>surculos</strong></span> <span class='ocrx_word' id='word_1_270' title='bbox 1249 3496 1440 3574; x_wconf 88' lang='lat' dir='ltr'><strong>mendicare,</strong></span> <span class='ocrx_word' id='word_1_271' title='bbox 1456 3520 1530 3562; x_wconf 86' lang='lat' dir='ltr'><strong>curn</strong></span> <span class='ocrx_word' id='word_1_272' title='bbox 1551 3499 1598 3562; x_wconf 92' lang='lat' dir='ltr'><strong>in-</strong></span> 
     </span>
     <span class='ocr_line' id='line_1_30' title="bbox 396 3595 1598 3686; baseline 0.006 -28"><span class='ocrx_word' id='word_1_273' title='bbox 396 3595 499 3660; x_wconf 85' lang='lat' dir='ltr'><strong>veniri</strong></span> <span class='ocrx_word' id='word_1_274' title='bbox 517 3618 584 3659; x_wconf 89' lang='lat' dir='ltr'><strong>non</strong></span> <span class='ocrx_word' id='word_1_275' title='bbox 596 3606 760 3680; x_wconf 90' lang='lat' dir='ltr'><strong>poterunt.</strong></span> <span class='ocrx_word' id='word_1_276' title='bbox 806 3597 916 3661; x_wconf 87' lang='lat' dir='ltr'><strong>Sensit</strong></span> <span class='ocrx_word' id='word_1_277' title='bbox 928 3596 1087 3682; x_wconf 88' lang='lat' dir='ltr'><strong>Sulpitius</strong></span> <span class='ocrx_word' id='word_1_278' title='bbox 1097 3597 1153 3662; x_wconf 91' lang='lat' dir='ltr'><strong>ubi</strong></span> <span class='ocrx_word' id='word_1_279' title='bbox 1169 3597 1277 3682; x_wconf 89' lang='lat' dir='ltr'><strong>ipsum</strong></span> <span class='ocrx_word' id='word_1_280' title='bbox 1292 3599 1417 3663; x_wconf 88' lang='lat' dir='ltr'><strong>calceus</strong></span> <span class='ocrx_word' id='word_1_281' title='bbox 1434 3623 1512 3664; x_wconf 87' lang='lat' dir='ltr'><strong>suus</strong></span> <span class='ocrx_word' id='word_1_282' title='bbox 1528 3621 1598 3686; x_wconf 88' lang='lat' dir='ltr'><strong>pre·</strong></span> 
     </span>
     <span class='ocr_line' id='line_1_31' title="bbox 397 3695 1599 3782; baseline 0.005 -22"><span class='ocrx_word' id='word_1_283' title='bbox 397 3695 516 3776; x_wconf 90' lang='lat' dir='ltr'><strong>mebat,</strong></span> <span class='ocrx_word' id='word_1_284' title='bbox 532 3698 587 3782; x_wconf 92' lang='lat' dir='ltr'><strong>qui</strong></span> <span class='ocrx_word' id='word_1_285' title='bbox 602 3697 642 3761; x_wconf 86' lang='lat' dir='ltr'><strong>ab</strong></span> <span class='ocrx_word' id='word_1_286' title='bbox 657 3719 757 3762; x_wconf 87' lang='lat' dir='ltr'><strong>uxore</strong></span> <span class='ocrx_word' id='word_1_287' title='bbox 772 3697 874 3762; x_wconf 90' lang='lat' dir='ltr'><strong>nobili</strong></span> <span class='ocrx_word' id='word_1_288' title='bbox 896 3708 930 3764; x_wconf 88' lang='lat' dir='ltr'><strong>et</strong></span> <span class='ocrx_word' id='word_1_289' title='bbox 951 3707 1039 3762; x_wconf 84' lang='lat' dir='ltr'><strong>casta</strong></span> <span class='ocrx_word' id='word_1_290' title='bbox 1065 3699 1205 3763; x_wconf 89' lang='lat' dir='ltr'><strong>divertit.</strong></span> <span class='ocrx_word' id='word_1_291' title='bbox 1250 3700 1374 3779; x_wconf 90' lang='lat' dir='ltr'><strong>Amice,</strong></span> <span class='ocrx_word' id='word_1_292' title='bbox 1387 3722 1464 3766; x_wconf 80' lang='lat' dir='ltr'><strong>cave</strong></span> <span class='ocrx_word' id='word_1_293' title='bbox 1486 3703 1599 3767; x_wconf 89' lang='lat' dir='ltr'><strong>tibine</strong></span> 
     </span>
    </p>
   </div>
   <div class='ocr_carea' id='block_1_3' title="bbox 398 3953 1598 4092">
    <p class='ocr_par' dir='ltr' id='par_1_4' title="bbox 398 3953 1598 4092">
     <span class='ocr_line' id='line_1_32' title="bbox 430 3953 1598 4016; baseline 0.005 -14"><span class='ocrx_word' id='word_1_294' title='bbox 430 3953 446 3984; x_wconf 83' lang='grc'><em>*</em></span> <span class='ocrx_word' id='word_1_295' title='bbox 462 3953 515 4002; x_wconf 85' lang='lat' dir='ltr'><strong>The</strong></span> <span class='ocrx_word' id='word_1_296' title='bbox 527 3960 579 4002; x_wconf 80' lang='lat' dir='ltr'><strong>text</strong></span> <span class='ocrx_word' id='word_1_297' title='bbox 596 3955 621 4002; x_wconf 88' lang='lat' dir='ltr'><strong>in</strong></span> <span class='ocrx_word' id='word_1_298' title='bbox 641 3955 683 4003; x_wconf 85' lang='lat' dir='ltr'><strong>the</strong></span> <span class='ocrx_word' id='word_1_299' title='bbox 693 3953 774 4002; x_wconf 76' lang='lat' dir='ltr'><strong>worlrs</strong></span> <span class='ocrx_word' id='word_1_300' title='bbox 785 3954 814 4003; x_wconf 80' lang='lat' dir='ltr'><strong>of</strong></span> <span class='ocrx_word' id='word_1_301' title='bbox 831 3953 869 4003; x_wconf 86' lang='lat' dir='ltr'><strong>St.</strong></span> <span class='ocrx_word' id='word_1_302' title='bbox 881 3954 982 4004; x_wconf 85' lang='lat' dir='ltr'><strong>Jerome</strong></span> <span class='ocrx_word' id='word_1_303' title='bbox 1047 3956 1062 4015; x_wconf 70' lang='lat' dir='ltr'><strong>t</strong></span> <span class='ocrx_word' id='word_1_304' title='bbox 1075 3958 1203 4016; x_wconf 65' lang='lat' dir='ltr'><strong>iaticum,</strong></span> <span class='ocrx_word' id='word_1_305' title='bbox 1215 3957 1273 4008; x_wconf 86' lang='lat' dir='ltr'><strong>MS.</strong></span> <span class='ocrx_word' id='word_1_306' title='bbox 1287 3957 1383 4007; x_wconf 87' lang='lat' dir='ltr'><strong>Aruud.</strong></span> <span class='ocrx_word' id='word_1_307' title='bbox 1396 3960 1446 4008; x_wconf 74' lang='lat' dir='ltr'><strong>end</strong></span> <span class='ocrx_word' id='word_1_308' title='bbox 1456 3960 1498 4008; x_wconf 87' lang='lat' dir='ltr'><strong>the</strong></span> <span class='ocrx_word' id='word_1_309' title='bbox 1510 3965 1561 4009; x_wconf 82' lang='lat' dir='ltr'><strong>text</strong></span> <span class='ocrx_word' id='word_1_310' title='bbox 1572 3959 1598 4008; x_wconf 88' lang='lat' dir='ltr'><strong>in</strong></span> 
     </span>
     <span class='ocr_line' id='line_1_33' title="bbox 398 4035 1285 4092; baseline 0.007 -10"><span class='ocrx_word' id='word_1_311' title='bbox 398 4035 475 4092; x_wconf 83' lang='lat' dir='ltr'><strong>reads,</strong></span> <span class='ocrx_word' id='word_1_312' title='bbox 488 4037 540 4081; x_wconf 74' lang='lat' dir='ltr'><strong>tum</strong></span> <span class='ocrx_word' id='word_1_313' title='bbox 553 4036 616 4083; x_wconf 66' lang='lat' dir='ltr'><strong>Emi</strong></span> <span class='ocrx_word' id='word_1_314' title='bbox 628 4039 681 4083; x_wconf 80' lang='lat' dir='ltr'><strong>tum</strong></span> <span class='ocrx_word' id='word_1_315' title='bbox 693 4036 763 4084; x_wconf 77' lang='lat' dir='ltr'><strong>Noli.</strong></span> <span class='ocrx_word' id='word_1_316' title='bbox 1015 4037 1052 4086; x_wconf 87' lang='lat' dir='ltr'><strong>St.</strong></span> <span class='ocrx_word' id='word_1_317' title='bbox 1062 4037 1185 4086; x_wconf 82' lang='lat' dir='ltr'><strong>Jerome&#39;s</strong></span> <span class='ocrx_word' id='word_1_318' title='bbox 1196 4039 1285 4088; x_wconf 70' lang='lat' dir='ltr'><strong>werke.</strong></span> 
     </span>
    </p>
   </div>
   <div class='ocr_carea' id='block_1_4' title="bbox 431 4115 1487 4178">
    <p class='ocr_par' dir='ltr' id='par_1_5' title="bbox 431 4115 1487 4178">
     <span class='ocr_line' id='line_1_34' title="bbox 431 4115 1487 4178; baseline 0.008 -14"><span class='ocrx_word' id='word_1_319' title='bbox 431 4117 524 4178; x_wconf 60' lang='lat' dir='ltr'><strong>Hyde,</strong></span> <span class='ocrx_word' id='word_1_320' title='bbox 536 4115 612 4166; x_wconf 87' lang='lat' dir='ltr'>MSS.</span> <span class='ocrx_word' id='word_1_321' title='bbox 626 4116 735 4165; x_wconf 84' lang='lat' dir='ltr'><strong>Arundel</strong></span> <span class='ocrx_word' id='word_1_322' title='bbox 746 4115 793 4164; x_wconf 77' lang='lat' dir='ltr'><strong>aad</strong></span> <span class='ocrx_word' id='word_1_323' title='bbox 806 4117 883 4166; x_wconf 88' lang='lat' dir='ltr'><strong>Burn.</strong></span> <span class='ocrx_word' id='word_1_324' title='bbox 1047 4120 1061 4178; x_wconf 61' lang='grc' dir='ltr'>ᾖ</span> <span class='ocrx_word' id='word_1_325' title='bbox 1077 4119 1141 4178; x_wconf 76' lang='lat' dir='ltr'><strong>tola,</strong></span> <span class='ocrx_word' id='word_1_326' title='bbox 1155 4119 1231 4169; x_wconf 87' lang='lat' dir='ltr'>MSS.</span> <span class='ocrx_word' id='word_1_327' title='bbox 1244 4121 1338 4169; x_wconf 80' lang='lat' dir='ltr'><strong>Arund</strong></span> <span class='ocrx_word' id='word_1_328' title='bbox 1350 4121 1397 4170; x_wconf 85' lang='lat' dir='ltr'><strong>and</strong></span> <span class='ocrx_word' id='word_1_329' title='bbox 1409 4122 1487 4172; x_wconf 85' lang='lat' dir='ltr'><strong>Burn.</strong></span> 
     </span>
    </p>
   </div>
   <div class='ocr_carea' id='block_1_5' title="bbox 0 0 1809 4862">
    <p class='ocr_par' dir='ltr' id='par_1_6' title="bbox 0 0 1809 4862">
     <span class='ocr_line' id='line_1_35' title="bbox 0 0 1809 4862; baseline 0 0"><span class='ocrx_word' id='word_1_330' title='bbox 0 0 1809 4862; x_wconf 95' lang='lat' dir='ltr'><strong> </strong></span> 
     </span>
    </p>
   </div>
  </div>
 </body>
</html>
