3610 4852
390 509 454 566 222
825 522 1014 567 cunarum
1039 523 1160 566 uaeas
1408 524 1573 586 [brunner.

391 701 520 755 mortuo
535 691 595 754 feci
612 692 724 776 dignas
741 691 902 776 exequias,
919 692 993 756 etsi
1009 692 1135 777 placeat
1161 693 1230 777 ejus
1258 691 1464 776 sepulchrum
1486 691 1594 757 ridea-

391 796 497 858 mus”
543 794 725 878 Obstupuit
746 817 865 874 comes,
889 806 923 859 et
943 796 1032 860 siluit
1055 818 1073 858 a
1094 795 1184 873 visis,
1207 793 1401 880 visitataque
1423 795 1594 881 sepulchro

391 898 475 961 redit
503 899 543 960 ad
570 900 745 981 tugurium,
772 910 805 963 et
834 901 915 962 nibil
945 909 1062 985 praeter
1088 901 1221 964 domum
1253 921 1387 963 vacuam
1414 900 1593 976 inveniens,

391 999 520 1083 gavisus
546 1009 598 1062 est
628 1000 804 1064 sevidisse
829 1001 1006 1065 Christum.
1054 1001 1129 1064 Hoc
1156 1009 1269 1065 nostro
1293 1001 1359 1084 regi
1384 1001 1495 1064 retulit
1520 1010 1597 1085 post

394 1112 531 1166 mortem
547 1103 645 1188 hujus
660 1102 839 1168 Theobaldi
852 1126 908 1166 rex
921 1104 1106 1168 Lodovicus
1122 1104 1226 1188 grossi
1240 1103 1325 1168 filius
1341 1103 1508 1169 Lodorici.

600 1363 649 1425 Dc
664 1371 763 1428 morte
781 1365 939 1427 Willielmi
954 1365 1028 1448 Rufi
1043 1365 1126 1445 regis
1141 1365 1322 1445 Anqlorum.
1352 1362 1395 1426 vi.

438 1516 633 1579 Willielmus
663 1517 824 1580 secundus
851 1539 907 1580 rex
939 1516 1076 1601 Angliae,
1108 1537 1218 1600 regum
1244 1516 1418 1601 pessimus,
1440 1517 1598 1583 Anselmo

395 1621 490 1706 pulso
513 1643 531 1682 a
554 1620 630 1684 sede
647 1620 782 1698 Cantiae,
802 1621 893 1705 justo
916 1620 979 1683 Dei
1003 1620 1125 1705 judicio
1149 1643 1167 1682 a
1189 1621 1305 1705 sagitta
1327 1619 1456 1684 volante
1471 1621 1598 1706 pulsus,

396 1724 471 1809 quia
486 1724 646 1788 daenronio
663 1725 839 1788 meridiano
861 1723 1002 1802 deditus,
1024 1725 1116 1808 cujus
1143 1723 1184 1786 ad
1206 1733 1323 1787 nutum
1344 1724 1479 1803 vixerat,
1502 1747 1599 1790 onere

396 1830 539 1914 pessimo
561 1829 682 1892 levarit
703 1829 825 1893 orbem.
871 1829 1062 1893 Notandum
1085 1839 1193 1892 autem
1220 1828 1305 1913 quod
1329 1829 1363 1892 in
1393 1829 1474 1892 silva
1496 1829 1600 1894 Novas

399 1933 552 2010 Forestae,
568 1956 663 2019 quam
687 1933 757 2018 ipse
774 1934 846 1996 Deo
871 1943 904 1997 et
929 1931 1118 1996 bominibus
1143 1932 1320 1996 abstulerat
1341 1942 1380 1995 ut
1394 1955 1463 1996 eam
1481 1933 1602 1998 dicaret

396 2037 472 2101 feris
488 2046 521 2101 et
536 2060 652 2102 canum
668 2036 803 2116 lusibus‚'
819 2061 837 2100 a
853 2059 915 2122 qua
936 2037 1067 2122 triginta
1083 2058 1140 2100 sex
1165 2037 1313 2101 matrices
1333 2037 1483 2100 ecclesias
1504 2038 1601 2102 extir-

397 2150 540 2225 paverat‚
567 2150 601 2204 et
628 2140 787 2224 populum
822 2161 931 2203 earum
962 2138 1094 2202 dederat
1130 2140 1332 2204 exterminio.
1388 2141 1601 2205 Consiliarius

399 2255 507 2306 autem
534 2241 632 2325 hujus
659 2241 789 2326 ineptire
804 2240 969 2304 Walterus
985 2240 1103 2325 Tyrell,
1127 2240 1219 2304 miles
1242 2242 1375 2306 Acbaza
1396 2244 1491 2327 juxta
1516 2243 1602 2306 Pon-

398 2346 546 2409 tissaram
563 2345 717 2423 Francius,
733 2345 789 2430 qui
804 2366 870 2407 non
892 2353 1009 2429 sponte
1032 2365 1090 2406 sua
1117 2344 1173 2407 sed
1191 2344 1326 2409 Domini
1342 2345 1381 2408 de
1397 2345 1504 2410 medio
1528 2346 1605 2410 fecit

399 2471 474 2512 eum
494 2448 560 2512 ictu
587 2449 722 2532 sagittae,
747 2469 818 2532 quae
843 2448 942 2511 feram
966 2457 1138 2532 penetrans
1164 2449 1280 2512 cecidit
1304 2447 1338 2512 in
1365 2448 1503 2513 belluam
1531 2450 1605 2514 Deo

400 2551 563 2616 odibilem.
609 2553 672 2616 Die
695 2574 758 2636 qua
780 2552 951 2636 sagittatus
975 2551 1048 2629 fuit,
1077 2574 1181 2629 mane,
1204 2553 1368 2616 somnium
1392 2575 1487 2616 suum
1511 2551 1604 2617 Gun-

400 2655 489 2719 dulfo
506 2656 651 2719 Roffensi
666 2655 820 2740 episcopo
836 2655 989 2718 retulerat
1003 2654 1065 2718 boc
1080 2655 1211 2718 modo*
1236 2659 1257 2691 “
1267 2655 1307 2718 ln
1321 2657 1442 2719 foresta
1457 2655 1606 2740 pulcher-

400 2758 481 2821 rima
510 2769 586 2841 post
611 2757 741 2840 longam
768 2757 907 2821 ferarum
939 2756 1186 2840 exagitationem
1212 2757 1367 2842 capellam
1391 2757 1604 2842 praenobilem

401 2861 575 2944 ingressus,
591 2861 755 2923 hominem
772 2861 804 2922 iu
821 2881 858 2923 ea
873 2860 939 2923 vidi
955 2860 1079 2922 nudum
1096 2882 1193 2944 super
1208 2861 1306 2925 altare
1322 2861 1495 2944 jacentem,
1512 2859 1605 2944 eujus

401 2961 511 3025 vultus
532 2971 565 3025 et
589 2983 662 3024 caro
681 2972 751 3026 tota
777 2971 842 3025 tam
869 2962 1066 3026 delectabilis
1093 2973 1161 3027 erat
1184 2963 1330 3048 aspectui
1350 2963 1436 3049 quod
1458 2986 1518 3048 pro
1535 2963 1607 3029 cibo

401 3073 545 3149 potuque
568 3074 681 3149 posset
705 3065 775 3129 orbi
802 3066 948 3129 sufficere
972 3077 1139 3151 perpetuo.
1196 3067 1319 3136 Manus
1345 3067 1444 3152 igitur
1467 3066 1608 3132 dexterae

404 3189 471 3231 sure
495 3167 631 3252 digitum
647 3167 823 3251 longiorem
840 3168 976 3247 comedi,
996 3169 1082 3252 quod
1102 3169 1173 3252 ipse
1188 3169 1344 3254 patientia
1359 3191 1486 3232 summa
1500 3169 1609 3233 vultu·

403 3294 466 3357 que
489 3293 602 3336 sereno
624 3293 740 3357 passus
763 3282 833 3350 est3
856 3273 943 3336 unde
966 3273 1076 3336 statim
1100 3271 1140 3336 ad
1164 3273 1248 3336 feras
1271 3273 1398 3336 rediens
1421 3272 1454 3335 in
1479 3272 1608 3336 modico

403 3397 550 3440 reversus
561 3398 633 3439 sum
644 3375 788 3439 esuriens
802 3399 811 3454 ;
828 3397 960 3438 manum
970 3374 1057 3438 illam
1073 3397 1092 3437 a
1107 3397 1170 3459 qua
1185 3375 1320 3459 digitum
1338 3375 1473 3438 tuleram
1489 3397 1605 3462 appre-

403 3478 518 3557 hendi3
533 3490 567 3540 at
577 3478 630 3541 ille
642 3478 731 3561 prius
742 3499 839 3561 super
848 3477 979 3562 angelos
988 3477 1093 3540 forma
1102 3478 1268 3561 speciosus
1279 3477 1320 3540 ad
1330 3499 1364 3540 se
1374 3498 1507 3540 manum
1521 3478 1608 3542 illam

404 3595 471 3646 tam
483 3581 591 3645 subito
601 3581 718 3666 rapuit,
729 3589 762 3644 et
772 3602 823 3644 me
835 3591 902 3644 tam
913 3579 993 3642 irate
1005 3578 1163 3664 despexit,
1175 3579 1318 3664 angelico
1331 3579 1424 3643 vultu
1440 3589 1567 3644 mutato
1576 3581 1610 3644 in

405 3697 473 3750 tarn
484 3682 717 3748 intolerabilem
727 3683 941 3760 horrorem‚in
951 3691 1016 3744 tam
1034 3680 1195 3746 ineffabile
1212 3681 1486 3766 dissidium,quod
1496 3681 1611 3746 afaciei

406 3788 479 3852 talis
495 3787 671 3870 rugositate
698 3798 812 3871 posset
833 3808 900 3850 non
927 3785 1023 3848 unius
1048 3784 1190 3848 hominis
1217 3785 1275 3848 sed
1297 3784 1398 3849 totius
1414 3785 1503 3849 orbis
1519 3785 1610 3850 ruina

406 3891 496 3970 fieri3
519 3890 663 3975 dixitque
690 3889 780 3968 mibi,
810 3893 899 3952 ‘non
927 3909 979 3951 me
1009 3887 1159 3952 comedes
1193 3887 1366 3952 amodo.'”
1411 3888 1510 3951 Flens
1537 3910 1610 3974 ergo

409 3995 596 4058 Gundulfus
626 3993 747 4071 intulit,
777 3997 798 4029 “
814 3992 948 4055 Foresta
985 4003 1036 4056 est
1074 4013 1209 4076 regnum
1239 3991 1388 4077 Anglioe3
1424 3995 1502 4056 ferae
1536 4003 1611 4058 sunt

440 4145 455 4178 *
474 4145 611 4206 According
623 4153 648 4192 to
660 4143 768 4192 William
785 4143 813 4192 oi
830 4143 992 4208 Malmsbury,
1005 4145 1026 4193 it
1036 4159 1107 4192 wasa
1119 4144 1213 4206 foreign
1222 4145 1297 4193 moal
1309 4145 1364 4192 who
1383 4145 1431 4194 bad
1453 4144 1503 4194 this
1522 4147 1610 4204 dream,

406 4233 452 4276 aad
466 4227 518 4275 told
529 4227 549 4273 it
560 4233 585 4274 to
598 4227 691 4274 Robert
702 4227 744 4274 fitz
758 4225 866 4274 Hamon.
