3608 4862
396 504 455 562 156
825 515 1013 560 cunarum
1038 515 1159 559 uaros
1400 517 1523 579 [orrum.
1536 518 1581 568 IV.

392 667 606 754 praemuniam
630 666 762 752 signisll
783 665 975 746 manifestis,
999 675 1145 751 tempore
1174 667 1373 750 competenti
1395 667 1523 734 vicibus
1544 668 1595 733 in-
1690 661 1693 668 ’

395 771 574 856 terpolatis,
589 779 626 833 ut
640 770 724 834 inter
740 769 865 854 singula
881 769 1021 855 spatium
1044 769 1162 834 babeas
1178 769 1401 855 poenitudinis.
1447 770 1512 835 Sed
1528 794 1595 836 non

396 875 527 954 credes3
543 874 590 938 ais
606 875 704 953 enim,
716 874 744 938 si
758 873 948 939 blanditiem
963 884 1052 938 tuam
1068 874 1258 959 deglutiero,
1269 874 1378 958 praeda
1394 897 1478 940 sum.
1514 875 1597 940 Haec

396 976 491 1042 nobis
506 977 626 1042 inflixit
640 999 660 1041 a
674 999 752 1042 casu
775 977 916 1042 Luciferi
939 976 1103 1042 Dominus
1128 987 1246 1041 nostrae
1269 977 1375 1062 gentis
1398 976 1473 1042 odia
1500 977 1598 1042 dede-

397 1103 518 1167 cusque
532 1090 738 1166 perpetuum,
749 1081 837 1144 unde
853 1103 928 1146 cum
945 1080 1208 1166 distinguendum
1225 1079 1278 1160 sit,
1289 1091 1445 1146 nocentes
1457 1091 1491 1146 et
1505 1081 1598 1145 inno-

398 1192 508 1248 centes
535 1182 605 1266 pari
630 1182 856 1268 persecutione
878 1181 1049 1247 damnatis.
1094 1182 1135 1245 ln
1157 1181 1312 1266 primaeva
1332 1203 1472 1266 namque
1487 1203 1598 1268 super·

398 1283 451 1348 bia
465 1307 563 1370 quam
578 1307 619 1349 err
633 1285 710 1350 nori
724 1285 926 1370 plenitudine
943 1284 1069 1350 decoris
1084 1294 1196 1350 nostra
1210 1285 1372 1350 contraxit
1385 1285 1511 1370 ingrata
1525 1285 1597 1349 Deo

397 1386 528 1467 familia,
554 1387 747 1454 choruscum
773 1389 864 1468 illurn
888 1388 1067 1474 principem
1091 1387 1184 1452 multi
1208 1388 1310 1452 secuti
1326 1400 1404 1453 sunt
1419 1388 1460 1452 ad
1475 1388 1598 1474 aquilo·

397 1511 485 1570 nem,
500 1489 554 1554 alii
576 1490 735 1556 scismatis
758 1491 896 1556 artifices
921 1491 975 1556 alii
1000 1493 1214 1577 coadjutores,
1229 1491 1283 1556 alii
1307 1491 1494 1558 seductores
1518 1493 1597 1556 alio·

398 1615 482 1672 rum,
508 1593 561 1657 alii
587 1594 837 1674 consentientes,
863 1595 917 1658 alii
943 1593 1034 1659 dubii
1060 1595 1138 1679 quid
1164 1605 1321 1680 ageretur,
1341 1617 1456 1660 omnes
1485 1605 1598 1660 contra

400 1697 509 1761 Deum
534 1695 665 1779 superbi
687 1694 740 1761 vel
769 1696 934 1781 sapientise
958 1697 1167 1782 negligentes.
1211 1699 1339 1784 Dejecti
1362 1708 1440 1762 sunt
1461 1698 1560 1784 igitur
1581 1719 1600 1761 a

399 1797 527 1862 vindice
542 1799 666 1876 dextra,
682 1808 749 1862 tam
770 1798 886 1863 librata
900 1809 967 1864 tam
979 1800 1161 1885 justissima
1175 1801 1276 1880 lance,
1297 1802 1384 1886 quod
1407 1823 1474 1866 non
1500 1800 1602 1866 defuit

399 1900 591 1986 ignorantiae
614 1902 709 1967 venia
731 1924 792 1967 nec
816 1902 996 1987 iniquitatis
1018 1903 1111 1970 ultio.
1156 1905 1210 1968 Fit
1232 1905 1330 1989 igitur
1351 1907 1420 1991 jam
1436 1906 1524 1990 quod
1546 1905 1601 1991 qui

402 2005 477 2089 plus
493 2005 676 2070 cruciantur
690 2027 730 2069 ex
744 2005 945 2071 immanitate
969 2007 1092 2092 peccati
1106 2007 1180 2092 plus
1196 2009 1348 2072 affectant
1362 2030 1403 2073 ex
1417 2008 1530 2073 innata
1546 2030 1603 2073 ne·

399 2107 501 2191 quitia
514 2108 641 2173 laedere.
686 2108 772 2173 Sunt
787 2118 896 2173 autem
922 2131 963 2173 ex
986 2109 1037 2172 his
1063 2109 1267 2195 magnatibus
1289 2111 1324 2174 hi
1346 2132 1484 2195 quorum
1509 2111 1602 2196 cupit

400 2221 434 2274 et
453 2221 564 2296 potest
578 2212 764 2276 immanitas
778 2212 878 2275 ardua
893 2212 1053 2291 scandala,
1078 2233 1150 2297 quae
1174 2212 1306 2277 vitanda
1328 2235 1441 2278 censes
1464 2214 1599 2279 efficere.

401 2312 487 2377 Sunt
501 2323 609 2380 autem
625 2315 661 2379 hi
675 2315 730 2399 qui
747 2314 863 2379 merito
885 2315 1051 2393 timentur,
1075 2314 1107 2378 in
1131 2337 1268 2400 quorum
1293 2337 1409 2380 manus
1433 2317 1499 2381 dati
1524 2327 1602 2381 sunt

401 2415 541 2501 improbi
577 2441 660 2504 quos
690 2417 851 2502 completa
885 2417 1050 2481 damnavit
1076 2417 1240 2503 iniquitas.
1300 2418 1347 2482 Hi
1378 2419 1440 2484 sibi
1462 2420 1603 2484 traditos

402 2519 490 2585 docti
513 2532 591 2585 sunt
610 2521 704 2608 eopia
726 2521 876 2600 exaltare,
902 2540 1093 2606 promovere
1117 2542 1278 2599 successu,
1301 2521 1490 2586 defensione
1515 2531 1602 2588 tutos

402 2623 606 2708 providentia
620 2633 733 2690 cautos
748 2625 891 2689 reddere.
937 2623 1075 2689 Faciunt
1096 2634 1204 2689 autem
1230 2624 1300 2688 haec
1322 2623 1375 2688 his
1398 2647 1537 2710 quorum
1554 2626 1602 2691 eis

402 2727 600 2811 prosperitas
629 2728 718 2791 utilis
753 2737 814 2806 est,
838 2738 872 2792 et
896 2727 984 2791 salva
1009 2726 1174 2791 damnatio
1207 2749 1282 2791 cum
1311 2729 1485 2793 voluerint.
1544 2729 1602 2793 Hii

404 2828 627 2907 blandiuntur,
641 2841 680 2894 ut
694 2830 850 2915 perdant3
874 2831 1004 2895 elevant
1017 2841 1055 2893 ut
1071 2829 1224 2908 allidant3
1246 2829 1281 2892 hi
1296 2830 1412 2894 merito
1429 2831 1603 2896 detestabi-

403 2928 450 2993 les
466 2929 536 2994 orbi
551 2931 778 3016 praedicantur.
823 2931 869 2994 Et
883 2931 967 2996 heu!
991 2953 1052 2996 nos
1076 2931 1130 2996 illa
1153 2933 1299 2995 fucamur
1312 2931 1504 2997 innoeentes
1521 2933 1601 2998 infa-

404 3032 481 3096 mia.
526 3033 643 3097 Procul
658 3034 744 3097 enim
760 3056 779 3097 a
794 3033 889 3098 nobis
914 3044 992 3098 sunt
1005 3034 1127 3120 rapinae
1148 3035 1360 3120 peculiorum,
1375 3036 1602 3102 subversiones

404 3133 544 3214 urbium,
561 3135 754 3221 sanguinum
770 3136 840 3200 sitis
867 3145 901 3201 et
927 3137 1029 3201 fames
1052 3135 1242 3215 animarum,
1267 3146 1301 3200 et
1323 3137 1398 3222 plus
1421 3137 1496 3202 mali
1524 3138 1603 3203 velle

405 3260 502 3324 quam
518 3238 692 3326 possimus.
738 3240 815 3304 Sine
831 3250 935 3306 morte
950 3239 1046 3303 nobis
1062 3238 1201 3303 sufficiat
1214 3250 1359 3304 nostram
1371 3241 1506 3306 omnino
1516 3263 1600 3307 com·

405 3343 492 3427 plere
507 3341 681 3407 licentiam.
727 3343 884 3408 Ridiculis
907 3345 1011 3408 fateor
1035 3351 1070 3407 et
1093 3341 1369 3407 ludificationibus
1384 3345 1463 3429 apti,
1477 3345 1603 3430 praesti·

404 3445 457 3532 gia
472 3447 639 3525 struimus,
654 3446 806 3532 fingimus
821 3445 1080 3532 imaginationes,
1102 3446 1296 3510 fantasmata
1310 3447 1457 3525 facimus,
1472 3459 1511 3513 ut
1526 3449 1604 3512 veri·

406 3559 473 3613 tate
489 3559 636 3614 contecta
660 3571 743 3614 vana
757 3549 954 3634 ridiculaque
969 3548 1116 3613 simultas
1131 3557 1294 3634 appareat.
1339 3549 1448 3614 Omne
1463 3553 1553 3638 quod
1566 3551 1604 3616 ad

439 3736 455 3771 *
471 3739 532 3788 This
544 3739 653 3790 incident
665 3740 694 3788 of
702 3739 745 3788 the
755 3739 825 3788 three
836 3739 991 3802 warningm
1023 3737 1171 3796 discutiam,
1185 3738 1239 3788 title
1250 3739 1413 3790 Mora-Sea
1424 3755 1466 3804 my
1486 3741 1605 3792 selectim

407 3821 472 3870 little
482 3820 574 3870 altered
585 3821 611 3869 in
625 3821 659 3869 its
672 3821 768 3878 details,
780 3835 829 3870 was
842 3821 884 3869 the
895 3821 991 3882 subject
1023 3821 1052 3870 of
1067 3820 1142 3870 Latin
1157 3819 1258 3876 Stories.
1270 3838 1295 3886 p.
1308 3825 1349 3871 35.
1385 3823 1411 3872 lt
1427 3823 1449 3872 is
1468 3823 1557 3888 hardly
1566 3839 1606 3873 us·

408 3903 436 3952 of
450 3917 465 3950 a
476 3903 580 3966 popular
591 3903 706 3952 monkish
718 3909 786 3966 story
797 3903 823 3951 in
840 3903 991 3965 subsequam
1024 3917 1121 3966 cessary
1133 3907 1159 3952 to
1170 3903 1234 3952 refer
1256 3905 1299 3954 tha
1310 3904 1396 3954 resder
1406 3910 1433 3954 to
1444 3905 1488 3954 tha
1506 3904 1605 3968 English

409 3984 490 4032 times.
523 3984 583 4032 Tac
610 3986 720 4033 versione
748 3984 776 4033 of
801 3985 843 4032 the
866 3991 935 4046 story
951 3999 991 4032 are
1024 3999 1096 4047 poem
1112 3999 1145 4033 ou
1163 3985 1206 4034 the
1225 4001 1292 4036 nme
1310 3986 1405 4049 subject
1423 3987 1555 4052 composed
1571 3987 1601 4048 by

408 4066 479 4127 giren
492 4065 518 4113 in
529 4065 597 4114 John
609 4065 637 4114 of
649 4066 805 4128 Bromyard's
816 4065 917 4115 Summa
926 4065 990 4114 Prie·
1024 4065 1087 4114 Mra.
1100 4065 1198 4115 Thrale.
