3608 4862
404 539 465 598 128
838 552 1026 597 cusanam
1051 551 1172 595 ussus
1401 551 1522 614 [cnunc.
1536 553 1587 603 111.

402 722 543 788 Miratur
557 719 666 784 Ninus
682 729 716 785 et
730 720 829 800 dolet,
855 728 889 787 et
912 720 1061 786 sciscitur
1086 719 1164 806 quid
1178 720 1258 784 baec.
1305 719 1365 784 Ille
1381 719 1534 806 stupidus
1561 722 1602 787 ob

402 823 632 894 verecundiam
648 823 731 888 silet.
776 822 938 889 secretius
953 823 1051 910 igitur
1065 825 1183 888 affatur
1196 845 1253 888 rex
1269 822 1411 903 Parium,
1426 822 1488 888 sub
1504 824 1602 890 inter-

400 927 578 994 minatione
607 948 683 991 vera
711 927 803 991 fateri
828 926 933 1013 jubet
979 929 1039 992 Ille
1062 928 1209 1013 proditor
1235 927 1374 1012 pedibus
1403 928 1474 1012 ejus
1503 927 1602 993 sdvo-

400 1033 488 1096 lutus
514 1030 642 1096 veniam
666 1029 729 1094 hiis
750 1029 858 1095 verbis
881 1041 1012 1096 exorat:
1059 1035 1080 1068 “
1093 1029 1291 1117 Propitietur
1314 1030 1394 1094 mihi
1418 1031 1600 1096 elementis-

401 1135 503 1199 simus
526 1154 594 1212 rex,
619 1154 661 1197 ne
684 1132 759 1196 fiam
781 1143 949 1198 accusator
974 1141 1008 1198 et
1031 1154 1129 1196 csuss
1150 1131 1264 1196 mortis
1287 1153 1388 1216 puero
1409 1154 1507 1218 quem
1522 1156 1600 1199 enu-

400 1237 475 1303 trivi
504 1247 536 1301 et
562 1259 659 1322 quem
683 1237 780 1301 unico
814 1257 941 1322 semper
965 1236 1050 1301 sicut
1074 1245 1199 1322 patrem
1234 1236 1305 1320 ejus
1336 1236 1454 1300 affectu
1483 1237 1600 1319 dilexi3

399 1341 535 1406 verbum
564 1349 672 1403 eutem
698 1340 762 1403 hoc
791 1362 810 1403 a
833 1337 927 1404 vobis
956 1338 1059 1424 ipsius
1088 1359 1198 1403 amore
1227 1337 1329 1402 nimio
1359 1337 1460 1403 celavi
1488 1340 1599 1420 fateor,

399 1465 590 1529 quacunque
615 1442 822 1507 miseratione
844 1441 997 1507 delictum
1028 1442 1099 1526 ejus
1129 1440 1259 1506 veniam
1280 1439 1419 1522 habeat3
1453 1442 1517 1508 hoc
1541 1465 1599 1529 ego

400 1547 504 1612 merui
519 1553 658 1610 mortem
674 1545 803 1609 silentio
819 1553 886 1608 tam
901 1546 1010 1610 favore
1021 1545 1113 1630 pueri
1129 1567 1226 1630 quam
1242 1567 1314 1608 mea
1328 1543 1536 1629 simplicitate
1551 1567 1598 1612 se·

400 1649 528 1727 ductus,
544 1657 578 1711 et
592 1648 680 1732 quod
695 1667 749 1711 me
762 1669 850 1711 nunc
864 1646 997 1711 flentem
1012 1657 1047 1712 et
1066 1647 1203 1711 invitum
1220 1645 1316 1710 fateri
1339 1646 1425 1732 cogit
1447 1647 1599 1714 domiuus

399 1773 504 1830 meus,
527 1749 568 1816 ab
593 1750 666 1835 ipso
686 1749 742 1814 vix
763 1750 927 1816 instantiis
941 1750 1078 1815 infinitis
1094 1749 1226 1829 extorsi,
1241 1759 1276 1814 et
1289 1749 1323 1814 in
1339 1771 1404 1835 quo
1420 1751 1599 1817 certissime

399 1855 477 1921 novi
491 1854 690 1932 mendacem,
700 1853 780 1917 mihi
795 1863 907 1917 contra
922 1874 1027 1918 meam
1038 1852 1161 1937 juravit
1176 1853 1369 1917 sententiam
1385 1875 1421 1918 se
1436 1855 1554 1920 multas
1565 1857 1599 1921 in

400 1959 491 2023 cultu
512 1957 626 2043 eapitis
651 1967 684 2021 et
707 1956 818 2022 vultus
838 1956 916 2042 regii
939 1974 1130 2042 perpessum
1154 1956 1331 2041 angustias,
1346 1967 1380 2021 et
1394 1979 1431 2021 os
1454 1967 1598 2023 vestrum

401 2062 488 2146 quod
504 2062 602 2126 odore
617 2060 785 2146 praenobili
808 2060 915 2146 pomis
930 2059 1052 2124 aestivis
1066 2069 1100 2124 et
1113 2057 1260 2123 balsamo
1275 2058 1397 2125 recenti
1418 2061 1599 2145 prtecellere

398 2187 465 2230 non
481 2173 532 2229 est
547 2163 683 2228 dubium
700 2163 836 2228 sentinae
851 2162 1069 2247 comparavit3
1089 2163 1231 2227 moriens
1243 2174 1277 2226 et
1291 2173 1396 2228 morte
1405 2163 1523 2248 dignus
1537 2165 1599 2230 hoc

397 2268 523 2353 loquor.
569 2267 658 2332 Hinc
673 2276 725 2332 est
738 2267 827 2352 quod
841 2267 1009 2332 dominum
1025 2287 1136 2331 meum
1151 2275 1243 2331 tanto
1258 2267 1338 2331 vitat
1354 2266 1441 2347 odio,
1456 2267 1543 2353 quod
1558 2267 1597 2332 ab

291 2437 292 2440 ,
398 2371 471 2458 ipso
487 2371 615 2438 vultum
631 2371 757 2450 avertit,
772 2381 871 2456 ceput
884 2371 1029 2451 inclinat,
1054 2392 1186 2435 manum
1202 2370 1250 2434 ori
1264 2369 1436 2456 praeponit,
1458 2371 1598 2437 declinat

398 2475 584 2560 alloquia's
614 2475 698 2543 Quis
713 2475 797 2540 hanc
812 2475 992 2541 discredere
1007 2475 1324 2540 verisimilitudinem
1338 2475 1467 2561 possit?
1513 2478 1597 2544 Quis

397 2600 478 2663 puer
493 2601 559 2644 non
575 2579 699 2643 devitet
713 2579 904 2644 dominum?
950 2579 1033 2647 Quis
1050 2579 1202 2643 dominus
1217 2600 1284 2643 non
1300 2578 1358 2642 fiat
1372 2579 1596 2664 sanguinarius

396 2680 583 2748 innocenti?
621 2682 720 2750 Quod
731 2703 873 2767 unquam
883 2682 1044 2747 crudelius
1056 2681 1266 2746 adinventum
1278 2689 1332 2746 est
1346 2681 1475 2747 scelus?
1513 2683 1596 2749 Ques

397 2785 552 2870 nequiora
576 2786 629 2850 vel
644 2807 663 2848 a
677 2785 796 2871 quibus
818 2786 998 2870 excogitate
1012 2785 1063 2850 vel
1078 2785 1188 2850 audita
1202 2795 1280 2849 sunt
1297 2788 1443 2850 venena?
1489 2786 1596 2853 Quam

399 2887 551 2972 utrinque
565 2888 670 2973 gravis
695 2897 729 2953 et
746 2910 833 2952 saeva
859 2888 997 2953 seditio!
1021 2909 1118 2973 quam
1142 2888 1299 2972 pestilens
1325 2897 1359 2953 et
1382 2889 1521 2954 crudelis
1535 2889 1597 2953 ini-

397 2989 503 3074 quitas
535 2989 607 3053 haec
635 2999 687 3054 est
722 2989 757 3053 in
787 2989 885 3054 domo
917 2988 1104 3054 daemonum
1130 2990 1249 3054 vestita
1278 2990 1507 3075 dupplicibus!
1551 2993 1598 3056 At

398 3102 485 3158 certe
500 3091 629 3157 timebit
649 3117 668 3158 a
689 3093 861 3178 frigoribus
875 3092 971 3158 nivis.
1017 3093 1086 3157 Rex
1103 3092 1197 3157 Pario
1220 3092 1380 3171 credulus,
1392 3093 1460 3178 jam
1476 3094 1597 3158 amenti

398 3195 512 3261 similis
527 3197 663 3260 amatori
686 3219 746 3262 suo
771 3195 810 3260 fit
834 3195 1073 3276 immisericors,
1099 3205 1133 3260 et
1158 3217 1232 3260 cum
1255 3198 1299 3260 sit
1321 3196 1403 3260 irato
1426 3218 1501 3282 rege
1516 3197 1598 3262 nihil

394 3299 563 3380 immitius,
579 3301 688 3365 differt
702 3309 811 3364 tamen
825 3299 984 3364 ultionem
995 3299 1165 3386 experiens
1183 3322 1225 3363 an
1244 3299 1349 3385 possit
1364 3299 1520 3380 misereri,
1541 3323 1597 3366 cu·
1703 3383 1709 3394 Χ

394 3404 489 3490 piens
522 3405 624 3490 magis
655 3403 800 3468 indultor
825 3424 897 3468 esse
926 3425 1023 3488 quam
1054 3403 1152 3467 ultor.
1215 3404 1349 3468 Adsunt
1370 3403 1502 3469 interim
1527 3403 1597 3469 ludi

394 3508 544 3572 solennes
566 3507 666 3571 annui
688 3506 828 3571 civitatis
843 3504 962 3592 quibus
983 3505 1054 3591 ipse
1073 3525 1131 3569 rex
1145 3503 1303 3570 interesse
1326 3513 1467 3585 tenetur,
1483 3507 1596 3593 regali-

392 3609 455 3675 bus
477 3611 624 3697 insigniis
649 3621 683 3675 et
707 3610 887 3675 diademate
912 3608 1092 3686 redimitus,
1112 3607 1164 3672 vel
1185 3607 1220 3671 in
1250 3609 1374 3674 eisdem
1395 3609 1522 3674 festivis
1544 3629 1596 3675 or-

392 3714 523 3779 natibus
549 3715 678 3780 mittere
700 3714 756 3798 qui
769 3713 874 3779 vicem
890 3714 961 3798 ejus
985 3712 1135 3798 suppleat
1154 3720 1188 3776 et
1205 3712 1307 3776 totius
1334 3713 1411 3777 anni
1433 3711 1596 3799 principa·

391 3827 463 3882 tum
493 3841 512 3882 a
540 3840 615 3903 rege
636 3818 760 3904 primus
776 3816 922 3882 obtineat
943 3825 1014 3880 toto
1036 3837 1135 3901 regno
1161 3814 1351 3901 Babylonis.
1394 3815 1499 3880 Jubet
1520 3837 1595 3902 ergo

393 3941 451 3985 rex
479 3942 617 4005 puerum
658 3920 698 3984 sd
735 3919 831 3984 ludos
869 3917 987 3998 ornari,
1023 3917 1191 4003 proprium
1240 3926 1340 3983 tantis
1392 3918 1595 3984 solennitatis

394 4043 512 4107 equum
528 4023 709 4100 ascendere,
732 4030 927 4105 potestatem
953 4031 987 4085 et
1011 4020 1184 4106 imperium
1207 4021 1309 4087 totius
1335 4021 1412 4086 anni
1438 4021 1595 4087 tribuens.

395 4122 508 4188 Parius
523 4124 586 4187 hiis
601 4124 773 4188 intellectis
789 4124 895 4188 minus
919 4133 1027 4188 sctum
1042 4121 1187 4202 credens,
1215 4125 1303 4209 quod
1318 4133 1421 4189 restat
1434 4125 1595 4210 agendum
