<?xml version="1.0" encoding="UTF-8"?>
<!DOCTYPE html PUBLIC "-//W3C//DTD XHTML 1.0 Transitional//EN"
    "http://www.w3.org/TR/xhtml1/DTD/xhtml1-transitional.dtd">
<html xmlns="http://www.w3.org/1999/xhtml" xml:lang="en" lang="en">
 <head>
  <title>
</title>
<meta http-equiv="Content-Type" content="text/html;charset=utf-8" />
  <meta name='ocr-system' content='tesseract 3.04.00' />
  <meta name='ocr-capabilities' content='ocr_page ocr_carea ocr_par ocr_line ocrx_word'/>
</head>
<body>
  <div class='ocr_page' id='page_1' title='image "./gualterimapesde00mapgoog/gualterimapesde00mapgoog_0050.png"; bbox 0 0 3650 4852; ppageno 0'>
   <div class='ocr_carea' id='block_1_1' title="bbox 250 535 1434 615">
    <p class='ocr_par' dir='ltr' id='par_1_1' title="bbox 250 535 1434 615">
     <span class='ocr_line' id='line_1_1' title="bbox 250 535 1434 615; baseline -0.003 -13"><span class='ocrx_word' id='word_1_1' title='bbox 250 551 389 615; x_wconf 61' lang='lat' dir='ltr'>censu]</span> <span class='ocrx_word' id='word_1_2' title='bbox 620 550 667 594; x_wconf 82' lang='lat' dir='ltr'>nn</span> <span class='ocrx_word' id='word_1_3' title='bbox 691 551 802 600; x_wconf 76' lang='lat' dir='ltr'>sums</span> <span class='ocrx_word' id='word_1_4' title='bbox 825 552 1049 600; x_wconf 77' lang='lat' dir='ltr'>cuaranruu.</span> <span class='ocrx_word' id='word_1_5' title='bbox 1393 535 1434 610; x_wconf 75' lang='lat'>27</span> 
     </span>
    </p>
   </div>
   <div class='ocr_carea' id='block_1_2' title="bbox 229 700 1489 2425">
    <p class='ocr_par' dir='ltr' id='par_1_2' title="bbox 229 700 1489 2425">
     <span class='ocr_line' id='line_1_2' title="bbox 234 700 1434 784; baseline 0.002 -16"><span class='ocrx_word' id='word_1_6' title='bbox 234 723 355 780; x_wconf 87' lang='lat' dir='ltr'>seeum,</span> <span class='ocrx_word' id='word_1_7' title='bbox 378 700 413 766; x_wconf 91' lang='lat' dir='ltr'>in</span> <span class='ocrx_word' id='word_1_8' title='bbox 439 701 579 767; x_wconf 85' lang='lat' dir='ltr'>crastino</span> <span class='ocrx_word' id='word_1_9' title='bbox 604 703 745 770; x_wconf 89' lang='lat' dir='ltr'>multum</span> <span class='ocrx_word' id='word_1_10' title='bbox 765 704 914 772; x_wconf 77' lang='lat' dir='ltr'>divinans</span> <span class='ocrx_word' id='word_1_11' title='bbox 934 717 968 772; x_wconf 88' lang='lat' dir='ltr'>et</span> <span class='ocrx_word' id='word_1_12' title='bbox 990 729 1058 773; x_wconf 91' lang='lat' dir='ltr'>non</span> <span class='ocrx_word' id='word_1_13' title='bbox 1071 705 1252 784; x_wconf 88' lang='lat' dir='ltr'>inveniens,</span> <span class='ocrx_word' id='word_1_14' title='bbox 1277 727 1351 772; x_wconf 85' lang='lat' dir='ltr'>eece</span> <span class='ocrx_word' id='word_1_15' title='bbox 1375 727 1434 771; x_wconf 83' lang='lat' dir='ltr'>sex</span> 
     </span>
     <span class='ocr_line' id='line_1_3' title="bbox 233 805 1433 896; baseline 0.002 -24"><span class='ocrx_word' id='word_1_16' title='bbox 233 805 339 872; x_wconf 85' lang='lat' dir='ltr'>clerici</span> <span class='ocrx_word' id='word_1_17' title='bbox 353 805 414 870; x_wconf 86' lang='lat' dir='ltr'>viri</span> <span class='ocrx_word' id='word_1_18' title='bbox 429 805 601 890; x_wconf 87' lang='lat' dir='ltr'>magnifici,</span> <span class='ocrx_word' id='word_1_19' title='bbox 616 807 838 894; x_wconf 78' lang='lat' dir='ltr'>septimusque</span> <span class='ocrx_word' id='word_1_20' title='bbox 853 833 927 876; x_wconf 87' lang='lat' dir='ltr'>cum</span> <span class='ocrx_word' id='word_1_21' title='bbox 943 811 989 876; x_wconf 87' lang='lat' dir='ltr'>eis</span> <span class='ocrx_word' id='word_1_22' title='bbox 1014 810 1165 896; x_wconf 83' lang='lat' dir='ltr'>magister</span> <span class='ocrx_word' id='word_1_23' title='bbox 1179 831 1291 875; x_wconf 87' lang='lat' dir='ltr'>eorum</span> <span class='ocrx_word' id='word_1_24' title='bbox 1307 809 1433 888; x_wconf 89' lang='lat' dir='ltr'>Bruno,</span> 
     </span>
     <span class='ocr_line' id='line_1_4' title="bbox 231 907 1434 993; baseline 0.002 -21"><span class='ocrx_word' id='word_1_25' title='bbox 231 907 397 993; x_wconf 89' lang='lat' dir='ltr'>petierunt</span> <span class='ocrx_word' id='word_1_26' title='bbox 410 907 569 972; x_wconf 77' lang='lat' dir='ltr'><strong>instanter</strong></span> <span class='ocrx_word' id='word_1_27' title='bbox 581 908 690 974; x_wconf 88' lang='lat' dir='ltr'>locum</span> <span class='ocrx_word' id='word_1_28' title='bbox 704 910 797 975; x_wconf 91' lang='lat' dir='ltr'>illum</span> <span class='ocrx_word' id='word_1_29' title='bbox 811 921 850 977; x_wconf 91' lang='lat' dir='ltr'>ut</span> <span class='ocrx_word' id='word_1_30' title='bbox 864 912 1039 979; x_wconf 89' lang='lat' dir='ltr'>oratorium</span> <span class='ocrx_word' id='word_1_31' title='bbox 1052 911 1099 976; x_wconf 90' lang='lat' dir='ltr'>ibi</span> <span class='ocrx_word' id='word_1_32' title='bbox 1124 911 1275 976; x_wconf 82' lang='lat' dir='ltr'>lacerent</span> <span class='ocrx_word' id='word_1_33' title='bbox 1319 911 1434 976; x_wconf 83' lang='lat' dir='ltr'>Laetus</span> 
     </span>
     <span class='ocr_line' id='line_1_5' title="bbox 232 1008 1432 1096; baseline 0.003 -22"><span class='ocrx_word' id='word_1_34' title='bbox 232 1010 331 1096; x_wconf 80' lang='lat' dir='ltr'>igitur</span> <span class='ocrx_word' id='word_1_35' title='bbox 345 1008 528 1096; x_wconf 87' lang='lat' dir='ltr'>episcopus,</span> <span class='ocrx_word' id='word_1_36' title='bbox 542 1019 581 1076; x_wconf 90' lang='lat' dir='ltr'>ut</span> <span class='ocrx_word' id='word_1_37' title='bbox 594 1011 729 1077; x_wconf 78' lang='lat' dir='ltr'>visionis</span> <span class='ocrx_word' id='word_1_38' title='bbox 745 1036 813 1079; x_wconf 77' lang='lat' dir='ltr'>sure</span> <span class='ocrx_word' id='word_1_39' title='bbox 827 1015 952 1080; x_wconf 85' lang='lat' dir='ltr'>felicem</span> <span class='ocrx_word' id='word_1_40' title='bbox 966 1015 1081 1079; x_wconf 79' lang='lat' dir='ltr'>videns</span> <span class='ocrx_word' id='word_1_41' title='bbox 1104 1014 1238 1093; x_wconf 87' lang='lat' dir='ltr'>exitum,</span> <span class='ocrx_word' id='word_1_42' title='bbox 1253 1014 1432 1078; x_wconf 89' lang='lat' dir='ltr'>secundum</span> 
     </span>
     <span class='ocr_line' id='line_1_6' title="bbox 232 1111 1489 1201; baseline 0.005 -25"><span class='ocrx_word' id='word_1_43' title='bbox 232 1113 378 1198; x_wconf 87' lang='lat' dir='ltr'>ipsorum</span> <span class='ocrx_word' id='word_1_44' title='bbox 394 1111 552 1177; x_wconf 89' lang='lat' dir='ltr'>rationem</span> <span class='ocrx_word' id='word_1_45' title='bbox 566 1113 613 1178; x_wconf 88' lang='lat' dir='ltr'>eis</span> <span class='ocrx_word' id='word_1_46' title='bbox 628 1114 669 1179; x_wconf 93' lang='lat' dir='ltr'>de</span> <span class='ocrx_word' id='word_1_47' title='bbox 683 1116 814 1201; x_wconf 89' lang='lat' dir='ltr'>proprio</span> <span class='ocrx_word' id='word_1_48' title='bbox 829 1115 925 1181; x_wconf 86' lang='lat' dir='ltr'>cellas</span> <span class='ocrx_word' id='word_1_49' title='bbox 940 1125 974 1179; x_wconf 91' lang='lat' dir='ltr'>et</span> <span class='ocrx_word' id='word_1_50' title='bbox 987 1114 1155 1181; x_wconf 78' lang='lat' dir='ltr'>ecclesiam</span> <span class='ocrx_word' id='word_1_51' title='bbox 1169 1115 1321 1196; x_wconf 85' lang='lat' dir='ltr'>extruxit,</span> <span class='ocrx_word' id='word_1_52' title='bbox 1332 1125 1367 1181; x_wconf 91' lang='lat' dir='ltr'>et</span> <span class='ocrx_word' id='word_1_53' title='bbox 1374 1137 1432 1181; x_wconf 91' lang='lat' dir='ltr'>eos</span> <span class='ocrx_word' id='word_1_54' title='bbox 1487 1177 1489 1182; x_wconf 83' lang='grc'>.</span> 
     </span>
     <span class='ocr_line' id='line_1_7' title="bbox 232 1214 1431 1298; baseline 0.003 -18"><span class='ocrx_word' id='word_1_55' title='bbox 232 1237 307 1280; x_wconf 89' lang='lat' dir='ltr'>oum</span> <span class='ocrx_word' id='word_1_56' title='bbox 321 1214 603 1280; x_wconf 74' lang='lat' dir='ltr'>benedictionibus</span> <span class='ocrx_word' id='word_1_57' title='bbox 617 1216 808 1283; x_wconf 84' lang='lat' dir='ltr'>introduxit.</span> <span class='ocrx_word' id='word_1_58' title='bbox 852 1218 917 1282; x_wconf 86' lang='lat' dir='ltr'>Est</span> <span class='ocrx_word' id='word_1_59' title='bbox 931 1228 1039 1282; x_wconf 84' lang='lat' dir='ltr'>autem</span> <span class='ocrx_word' id='word_1_60' title='bbox 1063 1239 1158 1282; x_wconf 87' lang='lat' dir='ltr'>mons</span> <span class='ocrx_word' id='word_1_61' title='bbox 1184 1219 1371 1298; x_wconf 69' lang='lat' dir='ltr'>altissimus,</span> <span class='ocrx_word' id='word_1_62' title='bbox 1396 1228 1431 1284; x_wconf 88' lang='lat' dir='ltr'>et</span> 
     </span>
     <span class='ocr_line' id='line_1_8' title="bbox 230 1317 1431 1406; baseline 0.003 -24"><span class='ocrx_word' id='word_1_63' title='bbox 230 1317 267 1382; x_wconf 92' lang='lat' dir='ltr'>in</span> <span class='ocrx_word' id='word_1_64' title='bbox 280 1318 389 1384; x_wconf 90' lang='lat' dir='ltr'>medio</span> <span class='ocrx_word' id='word_1_65' title='bbox 404 1318 579 1384; x_wconf 83' lang='lat' dir='ltr'>cacuminis</span> <span class='ocrx_word' id='word_1_66' title='bbox 602 1321 764 1405; x_wconf 86' lang='lat' dir='ltr'>profunda</span> <span class='ocrx_word' id='word_1_67' title='bbox 777 1321 869 1386; x_wconf 89' lang='lat' dir='ltr'>vallis</span> <span class='ocrx_word' id='word_1_68' title='bbox 894 1329 928 1385; x_wconf 93' lang='lat' dir='ltr'>et</span> <span class='ocrx_word' id='word_1_69' title='bbox 953 1320 1070 1406; x_wconf 90' lang='lat' dir='ltr'>ampla,</span> <span class='ocrx_word' id='word_1_70' title='bbox 1097 1320 1213 1386; x_wconf 87' lang='lat' dir='ltr'>sterilis</span> <span class='ocrx_word' id='word_1_71' title='bbox 1239 1330 1273 1386; x_wconf 89' lang='lat' dir='ltr'>et</span> <span class='ocrx_word' id='word_1_72' title='bbox 1296 1320 1431 1400; x_wconf 88' lang='lat' dir='ltr'>inculta,</span> 
     </span>
     <span class='ocr_line' id='line_1_9' title="bbox 231 1420 1429 1508; baseline 0.003 -24"><span class='ocrx_word' id='word_1_73' title='bbox 231 1420 377 1486; x_wconf 86' lang='lat' dir='ltr'>fontibus</span> <span class='ocrx_word' id='word_1_74' title='bbox 392 1431 502 1486; x_wconf 82' lang='lat' dir='ltr'>temen</span> <span class='ocrx_word' id='word_1_75' title='bbox 516 1420 655 1486; x_wconf 90' lang='lat' dir='ltr'>abunda.</span> <span class='ocrx_word' id='word_1_76' title='bbox 685 1423 871 1488; x_wconf 83' lang='lat' dir='ltr'>Tresdeoim</span> <span class='ocrx_word' id='word_1_77' title='bbox 885 1423 1008 1488; x_wconf 86' lang='lat' dir='ltr'>babent</span> <span class='ocrx_word' id='word_1_78' title='bbox 1022 1422 1182 1502; x_wconf 65' lang='lat' dir='ltr'>cellulas*</span> <span class='ocrx_word' id='word_1_79' title='bbox 1202 1423 1235 1488; x_wconf 88' lang='lat' dir='ltr'>in</span> <span class='ocrx_word' id='word_1_80' title='bbox 1249 1445 1316 1488; x_wconf 89' lang='lat' dir='ltr'>una</span> <span class='ocrx_word' id='word_1_81' title='bbox 1328 1423 1429 1508; x_wconf 90' lang='lat' dir='ltr'>prior,</span> 
     </span>
     <span class='ocr_line' id='line_1_10' title="bbox 230 1523 1429 1611; baseline 0.003 -23"><span class='ocrx_word' id='word_1_82' title='bbox 230 1524 266 1588; x_wconf 93' lang='lat' dir='ltr'>in</span> <span class='ocrx_word' id='word_1_83' title='bbox 280 1523 351 1588; x_wconf 84' lang='lat' dir='ltr'>aliis</span> <span class='ocrx_word' id='word_1_84' title='bbox 366 1524 500 1609; x_wconf 85' lang='lat' dir='ltr'>singulis</span> <span class='ocrx_word' id='word_1_85' title='bbox 515 1523 633 1609; x_wconf 82' lang='lat' dir='ltr'>singuli</span> <span class='ocrx_word' id='word_1_86' title='bbox 647 1524 773 1590; x_wconf 69' lang='lat' dir='ltr'>intres.</span> <span class='ocrx_word' id='word_1_87' title='bbox 818 1526 940 1590; x_wconf 86' lang='lat' dir='ltr'>Panem</span> <span class='ocrx_word' id='word_1_88' title='bbox 955 1525 1001 1590; x_wconf 87' lang='lat' dir='ltr'>eis</span> <span class='ocrx_word' id='word_1_89' title='bbox 1026 1525 1116 1611; x_wconf 90' lang='lat' dir='ltr'>prior</span> <span class='ocrx_word' id='word_1_90' title='bbox 1139 1526 1174 1590; x_wconf 92' lang='lat' dir='ltr'>in</span> <span class='ocrx_word' id='word_1_91' title='bbox 1200 1525 1342 1590; x_wconf 90' lang='lat' dir='ltr'>Sabbato</span> <span class='ocrx_word' id='word_1_92' title='bbox 1367 1526 1429 1592; x_wconf 89' lang='lat' dir='ltr'>mi·</span> 
     </span>
     <span class='ocr_line' id='line_1_11' title="bbox 229 1627 1429 1715; baseline 0.002 -23"><span class='ocrx_word' id='word_1_93' title='bbox 229 1627 347 1692; x_wconf 79' lang='lat' dir='ltr'>nistret</span> <span class='ocrx_word' id='word_1_94' title='bbox 361 1628 403 1692; x_wconf 93' lang='lat' dir='ltr'>ad</span> <span class='ocrx_word' id='word_1_95' title='bbox 416 1635 520 1692; x_wconf 87' lang='lat' dir='ltr'>totam</span> <span class='ocrx_word' id='word_1_96' title='bbox 534 1627 781 1708; x_wconf 87' lang='lat' dir='ltr'>hebdomadam,</span> <span class='ocrx_word' id='word_1_97' title='bbox 795 1629 945 1715; x_wconf 87' lang='lat' dir='ltr'>legumen</span> <span class='ocrx_word' id='word_1_98' title='bbox 960 1638 994 1694; x_wconf 93' lang='lat' dir='ltr'>et</span> <span class='ocrx_word' id='word_1_99' title='bbox 1015 1629 1109 1711; x_wconf 80' lang='lat' dir='ltr'>olus3</span> <span class='ocrx_word' id='word_1_100' title='bbox 1134 1629 1239 1695; x_wconf 88' lang='lat' dir='ltr'>tribus</span> <span class='ocrx_word' id='word_1_101' title='bbox 1253 1629 1368 1694; x_wconf 89' lang='lat' dir='ltr'>diebus</span> <span class='ocrx_word' id='word_1_102' title='bbox 1393 1630 1429 1694; x_wconf 90' lang='lat' dir='ltr'>in</span> 
     </span>
     <span class='ocr_line' id='line_1_12' title="bbox 230 1730 1429 1817; baseline 0.002 -23"><span class='ocrx_word' id='word_1_103' title='bbox 230 1730 411 1816; x_wconf 75' lang='lat' dir='ltr'>septimana</span> <span class='ocrx_word' id='word_1_104' title='bbox 431 1752 516 1814; x_wconf 84' lang='lat' dir='ltr'>pane</span> <span class='ocrx_word' id='word_1_105' title='bbox 537 1739 666 1794; x_wconf 85' lang='lat' dir='ltr'>tantum</span> <span class='ocrx_word' id='word_1_106' title='bbox 694 1732 840 1797; x_wconf 86' lang='lat' dir='ltr'>contenti</span> <span class='ocrx_word' id='word_1_107' title='bbox 854 1741 932 1798; x_wconf 87' lang='lat' dir='ltr'>sunt</span> <span class='ocrx_word' id='word_1_108' title='bbox 953 1742 987 1798; x_wconf 93' lang='lat' dir='ltr'>et</span> <span class='ocrx_word' id='word_1_109' title='bbox 1011 1754 1103 1817; x_wconf 90' lang='lat' dir='ltr'>aqua.</span> <span class='ocrx_word' id='word_1_110' title='bbox 1147 1732 1226 1798; x_wconf 92' lang='lat' dir='ltr'>Non</span> <span class='ocrx_word' id='word_1_111' title='bbox 1252 1732 1429 1798; x_wconf 91' lang='lat' dir='ltr'>comedunt</span> 
     </span>
     <span class='ocr_line' id='line_1_13' title="bbox 230 1833 1429 1922; baseline 0 -24"><span class='ocrx_word' id='word_1_112' title='bbox 230 1855 342 1898; x_wconf 86' lang='lat' dir='ltr'>carnes</span> <span class='ocrx_word' id='word_1_113' title='bbox 367 1833 431 1898; x_wconf 89' lang='lat' dir='ltr'>nisi</span> <span class='ocrx_word' id='word_1_114' title='bbox 444 1833 584 1913; x_wconf 81' lang='lat' dir='ltr'>infirmi3</span> <span class='ocrx_word' id='word_1_115' title='bbox 608 1856 674 1898; x_wconf 93' lang='lat' dir='ltr'>non</span> <span class='ocrx_word' id='word_1_116' title='bbox 700 1843 814 1899; x_wconf 89' lang='lat' dir='ltr'>emunt</span> <span class='ocrx_word' id='word_1_117' title='bbox 834 1836 951 1922; x_wconf 86' lang='lat' dir='ltr'>pisces,</span> <span class='ocrx_word' id='word_1_118' title='bbox 975 1856 1036 1900; x_wconf 85' lang='lat' dir='ltr'>nec</span> <span class='ocrx_word' id='word_1_119' title='bbox 1061 1835 1246 1915; x_wconf 84' lang='lat' dir='ltr'>comedunt,</span> <span class='ocrx_word' id='word_1_120' title='bbox 1271 1834 1336 1899; x_wconf 86' lang='lat' dir='ltr'>nisi</span> <span class='ocrx_word' id='word_1_121' title='bbox 1362 1833 1429 1899; x_wconf 89' lang='lat' dir='ltr'>dati</span> 
     </span>
     <span class='ocr_line' id='line_1_14' title="bbox 229 1934 1428 2023; baseline 0.003 -25"><span class='ocrx_word' id='word_1_122' title='bbox 229 1935 351 1998; x_wconf 85' lang='lat' dir='ltr'>fuerint</span> <span class='ocrx_word' id='word_1_123' title='bbox 364 1934 410 1999; x_wconf 89' lang='lat' dir='ltr'>eis</span> <span class='ocrx_word' id='word_1_124' title='bbox 425 1934 512 1999; x_wconf 95' lang='lat' dir='ltr'>unde</span> <span class='ocrx_word' id='word_1_125' title='bbox 526 1935 635 2019; x_wconf 84' lang='lat' dir='ltr'>possit</span> <span class='ocrx_word' id='word_1_126' title='bbox 659 1935 811 2000; x_wconf 90' lang='lat' dir='ltr'>omnibus</span> <span class='ocrx_word' id='word_1_127' title='bbox 838 1937 1009 2015; x_wconf 89' lang='lat' dir='ltr'>distribui;</span> <span class='ocrx_word' id='word_1_128' title='bbox 1032 1958 1160 2023; x_wconf 85' lang='lat' dir='ltr'>semper</span> <span class='ocrx_word' id='word_1_129' title='bbox 1183 1938 1290 2003; x_wconf 92' lang='lat' dir='ltr'>induti</span> <span class='ocrx_word' id='word_1_130' title='bbox 1312 1936 1428 2016; x_wconf 79' lang='lat' dir='ltr'>cilicio,</span> 
     </span>
     <span class='ocr_line' id='line_1_15' title="bbox 231 2037 1428 2124; baseline -0.002 -21"><span class='ocrx_word' id='word_1_131' title='bbox 231 2059 358 2122; x_wconf 88' lang='lat' dir='ltr'>semper</span> <span class='ocrx_word' id='word_1_132' title='bbox 372 2037 479 2114; x_wconf 85' lang='lat' dir='ltr'>cincti,</span> <span class='ocrx_word' id='word_1_133' title='bbox 495 2057 622 2120; x_wconf 89' lang='lat' dir='ltr'>semper</span> <span class='ocrx_word' id='word_1_134' title='bbox 636 2047 731 2101; x_wconf 90' lang='lat' dir='ltr'>orant</span> <span class='ocrx_word' id='word_1_135' title='bbox 744 2038 797 2104; x_wconf 91' lang='lat' dir='ltr'>vel</span> <span class='ocrx_word' id='word_1_136' title='bbox 817 2040 940 2124; x_wconf 83' lang='lat' dir='ltr'>legunt.</span> <span class='ocrx_word' id='word_1_137' title='bbox 983 2040 1092 2104; x_wconf 92' lang='lat' dir='ltr'>Nemo</span> <span class='ocrx_word' id='word_1_138' title='bbox 1117 2039 1181 2103; x_wconf 89' lang='lat' dir='ltr'>nisi</span> <span class='ocrx_word' id='word_1_139' title='bbox 1203 2040 1292 2124; x_wconf 89' lang='lat' dir='ltr'>prior</span> <span class='ocrx_word' id='word_1_140' title='bbox 1314 2037 1428 2103; x_wconf 84' lang='lat' dir='ltr'>cellam</span> 
     </span>
     <span class='ocr_line' id='line_1_16' title="bbox 229 2139 1428 2226; baseline -0.002 -21"><span class='ocrx_word' id='word_1_141' title='bbox 229 2149 366 2226; x_wconf 90' lang='lat' dir='ltr'>utroque</span> <span class='ocrx_word' id='word_1_142' title='bbox 380 2140 464 2225; x_wconf 89' lang='lat' dir='ltr'>pede</span> <span class='ocrx_word' id='word_1_143' title='bbox 478 2148 588 2225; x_wconf 88' lang='lat' dir='ltr'>potest</span> <span class='ocrx_word' id='word_1_144' title='bbox 602 2141 730 2225; x_wconf 81' lang='lat' dir='ltr'>egredi3</span> <span class='ocrx_word' id='word_1_145' title='bbox 753 2141 852 2226; x_wconf 90' lang='lat' dir='ltr'>priori</span> <span class='ocrx_word' id='word_1_146' title='bbox 873 2143 959 2222; x_wconf 89' lang='lat' dir='ltr'>licet,</span> <span class='ocrx_word' id='word_1_147' title='bbox 984 2163 1044 2226; x_wconf 92' lang='lat' dir='ltr'>pro</span> <span class='ocrx_word' id='word_1_148' title='bbox 1069 2141 1239 2206; x_wconf 76' lang='lat' dir='ltr'>visitandis</span> <span class='ocrx_word' id='word_1_149' title='bbox 1265 2139 1428 2204; x_wconf 82' lang='lat' dir='ltr'>fratribus.</span> 
     </span>
     <span class='ocr_line' id='line_1_17' title="bbox 229 2241 1429 2322; baseline -0.003 -13"><span class='ocrx_word' id='word_1_150' title='bbox 229 2242 356 2309; x_wconf 91' lang='lat' dir='ltr'>Diebus</span> <span class='ocrx_word' id='word_1_151' title='bbox 384 2243 476 2307; x_wconf 84' lang='lat' dir='ltr'>festis</span> <span class='ocrx_word' id='word_1_152' title='bbox 505 2242 539 2307; x_wconf 92' lang='lat' dir='ltr'>in</span> <span class='ocrx_word' id='word_1_153' title='bbox 565 2241 700 2307; x_wconf 88' lang='lat' dir='ltr'>ecelesia</span> <span class='ocrx_word' id='word_1_154' title='bbox 724 2243 934 2322; x_wconf 89' lang='lat' dir='ltr'>conveniunt,</span> <span class='ocrx_word' id='word_1_155' title='bbox 963 2243 1097 2306; x_wconf 89' lang='lat' dir='ltr'>missam</span> <span class='ocrx_word' id='word_1_156' title='bbox 1125 2265 1193 2309; x_wconf 91' lang='lat' dir='ltr'>non</span> <span class='ocrx_word' id='word_1_157' title='bbox 1222 2242 1340 2308; x_wconf 89' lang='lat' dir='ltr'>cotidie</span> <span class='ocrx_word' id='word_1_158' title='bbox 1370 2241 1429 2306; x_wconf 86' lang='lat' dir='ltr'>sed</span> 
     </span>
     <span class='ocr_line' id='line_1_18' title="bbox 229 2344 1429 2425; baseline -0.003 -13"><span class='ocrx_word' id='word_1_159' title='bbox 229 2347 324 2413; x_wconf 89' lang='lat' dir='ltr'>certis</span> <span class='ocrx_word' id='word_1_160' title='bbox 339 2346 453 2411; x_wconf 86' lang='lat' dir='ltr'>diebus</span> <span class='ocrx_word' id='word_1_161' title='bbox 467 2346 614 2410; x_wconf 86' lang='lat' dir='ltr'>audiunt.</span> <span class='ocrx_word' id='word_1_162' title='bbox 660 2344 719 2408; x_wconf 91' lang='lat' dir='ltr'>Hii</span> <span class='ocrx_word' id='word_1_163' title='bbox 734 2366 800 2409; x_wconf 91' lang='lat' dir='ltr'>non</span> <span class='ocrx_word' id='word_1_164' title='bbox 815 2345 1009 2410; x_wconf 90' lang='lat' dir='ltr'>insidiantur</span> <span class='ocrx_word' id='word_1_165' title='bbox 1022 2344 1148 2425; x_wconf 86' lang='lat' dir='ltr'>vicinis,</span> <span class='ocrx_word' id='word_1_166' title='bbox 1174 2367 1242 2409; x_wconf 90' lang='lat' dir='ltr'>non</span> <span class='ocrx_word' id='word_1_167' title='bbox 1267 2344 1429 2424; x_wconf 77' lang='lat' dir='ltr'>cavillant,</span> 
     </span>
    </p>
   </div>
   <div class='ocr_carea' id='block_1_3' title="bbox 227 2447 1429 2639">
    <p class='ocr_par' dir='ltr' id='par_1_3' title="bbox 227 2447 1429 2639">
     <span class='ocr_line' id='line_1_19' title="bbox 227 2447 1427 2534; baseline -0.001 -20"><span class='ocrx_word' id='word_1_168' title='bbox 227 2472 294 2515; x_wconf 92' lang='lat' dir='ltr'>non</span> <span class='ocrx_word' id='word_1_169' title='bbox 309 2449 461 2534; x_wconf 83' lang='lat' dir='ltr'>rapiunt3</span> <span class='ocrx_word' id='word_1_170' title='bbox 483 2471 551 2513; x_wconf 89' lang='lat' dir='ltr'>non</span> <span class='ocrx_word' id='word_1_171' title='bbox 566 2447 745 2534; x_wconf 88' lang='lat' dir='ltr'>ingreditur</span> <span class='ocrx_word' id='word_1_172' title='bbox 759 2448 800 2511; x_wconf 90' lang='lat' dir='ltr'>ad</span> <span class='ocrx_word' id='word_1_173' title='bbox 815 2469 872 2512; x_wconf 89' lang='lat' dir='ltr'>eos</span> <span class='ocrx_word' id='word_1_174' title='bbox 886 2448 1026 2527; x_wconf 81' lang='lat' dir='ltr'>femina3</span> <span class='ocrx_word' id='word_1_175' title='bbox 1049 2469 1117 2512; x_wconf 92' lang='lat' dir='ltr'>non</span> <span class='ocrx_word' id='word_1_176' title='bbox 1132 2448 1301 2534; x_wconf 80' lang='lat' dir='ltr'>egrediunt</span> <span class='ocrx_word' id='word_1_177' title='bbox 1311 2448 1353 2512; x_wconf 90' lang='lat' dir='ltr'>ad</span> <span class='ocrx_word' id='word_1_178' title='bbox 1362 2469 1427 2514; x_wconf 83' lang='lat' dir='ltr'>eas.</span> 
     </span>
     <span class='ocr_line' id='line_1_20' title="bbox 228 2549 1429 2639; baseline -0.002 -21"><span class='ocrx_word' id='word_1_179' title='bbox 228 2553 282 2618; x_wconf 82' lang='lat' dir='ltr'>Ad</span> <span class='ocrx_word' id='word_1_180' title='bbox 293 2553 483 2639; x_wconf 87' lang='lat' dir='ltr'>petitionem</span> <span class='ocrx_word' id='word_1_181' title='bbox 495 2552 664 2638; x_wconf 85' lang='lat' dir='ltr'>cujusdam</span> <span class='ocrx_word' id='word_1_182' title='bbox 675 2550 736 2616; x_wconf 87' lang='lat' dir='ltr'>viri</span> <span class='ocrx_word' id='word_1_183' title='bbox 746 2551 890 2638; x_wconf 88' lang='lat' dir='ltr'>potentis</span> <span class='ocrx_word' id='word_1_184' title='bbox 900 2551 934 2617; x_wconf 93' lang='lat' dir='ltr'>in</span> <span class='ocrx_word' id='word_1_185' title='bbox 949 2549 1095 2618; x_wconf 90' lang='lat' dir='ltr'>terminis</span> <span class='ocrx_word' id='word_1_186' title='bbox 1107 2552 1313 2639; x_wconf 78' lang='lat' dir='ltr'>episcopatus</span> <span class='ocrx_word' id='word_1_187' title='bbox 1325 2550 1429 2616; x_wconf 84' lang='lat' dir='ltr'>sancti</span> 
     </span>
    </p>
   </div>
   <div class='ocr_carea' id='block_1_4' title="bbox 227 2751 1428 2900">
    <p class='ocr_par' dir='ltr' id='par_1_4' title="bbox 227 2751 1428 2900">
     <span class='ocr_line' id='line_1_21' title="bbox 261 2751 1428 2816; baseline 0.001 -14"><span class='ocrx_word' id='word_1_188' title='bbox 261 2751 277 2784; x_wconf 71' lang='lat'>¹¹</span> <span class='ocrx_word' id='word_1_189' title='bbox 293 2753 346 2802; x_wconf 82' lang='lat' dir='ltr'>&#39;Ibe</span> <span class='ocrx_word' id='word_1_190' title='bbox 357 2753 481 2816; x_wconf 75' lang='lat' dir='ltr'>following</span> <span class='ocrx_word' id='word_1_191' title='bbox 492 2758 598 2803; x_wconf 86' lang='lat' dir='ltr'>account</span> <span class='ocrx_word' id='word_1_192' title='bbox 609 2753 638 2802; x_wconf 80' lang='lat' dir='ltr'>ei</span> <span class='ocrx_word' id='word_1_193' title='bbox 652 2753 695 2802; x_wconf 89' lang='lat' dir='ltr'>tbe</span> <span class='ocrx_word' id='word_1_194' title='bbox 707 2752 815 2802; x_wconf 89' lang='lat' dir='ltr'>modeof</span> <span class='ocrx_word' id='word_1_195' title='bbox 844 2754 928 2803; x_wconf 82' lang='lat' dir='ltr'>culum</span> <span class='ocrx_word' id='word_1_196' title='bbox 940 2753 1078 2802; x_wconf 85' lang='lat' dir='ltr'>Stultorum</span> <span class='ocrx_word' id='word_1_197' title='bbox 1086 2752 1234 2816; x_wconf 69' lang='lat' dir='ltr'>olNigellua</span> <span class='ocrx_word' id='word_1_198' title='bbox 1241 2752 1365 2813; x_wconf 63' lang='lat' dir='ltr'>wicker,</span> <span class='ocrx_word' id='word_1_199' title='bbox 1378 2753 1428 2803; x_wconf 82' lang='lat' dir='ltr'>vill</span> 
     </span>
     <span class='ocr_line' id='line_1_22' title="bbox 227 2833 1317 2900; baseline 0.001 -17"><span class='ocrx_word' id='word_1_200' title='bbox 227 2833 271 2884; x_wconf 82' lang='lat' dir='ltr'>lile</span> <span class='ocrx_word' id='word_1_201' title='bbox 282 2834 361 2884; x_wconf 81' lang='lat' dir='ltr'>oitbe</span> <span class='ocrx_word' id='word_1_202' title='bbox 372 2835 540 2896; x_wconf 83' lang='lat' dir='ltr'>Carthasians,</span> <span class='ocrx_word' id='word_1_203' title='bbox 552 2837 625 2898; x_wconf 72' lang='lat' dir='ltr'>given</span> <span class='ocrx_word' id='word_1_204' title='bbox 641 2836 668 2884; x_wconf 90' lang='lat' dir='ltr'>in</span> <span class='ocrx_word' id='word_1_205' title='bbox 688 2835 730 2885; x_wconf 83' lang='lat' dir='ltr'>tbe</span> <span class='ocrx_word' id='word_1_206' title='bbox 750 2835 811 2898; x_wconf 88' lang='lat' dir='ltr'>Spe·</span> <span class='ocrx_word' id='word_1_207' title='bbox 844 2835 871 2884; x_wconf 88' lang='lat' dir='ltr'>ln</span> <span class='ocrx_word' id='word_1_208' title='bbox 882 2851 951 2884; x_wconf 79' lang='lat' dir='ltr'>rome</span> <span class='ocrx_word' id='word_1_209' title='bbox 961 2837 1045 2900; x_wconf 86' lang='lat' dir='ltr'>points</span> <span class='ocrx_word' id='word_1_210' title='bbox 1055 2836 1179 2886; x_wconf 77' lang='lat' dir='ltr'>illustrate</span> <span class='ocrx_word' id='word_1_211' title='bbox 1190 2849 1237 2886; x_wconf 89' lang='lat' dir='ltr'>our</span> <span class='ocrx_word' id='word_1_212' title='bbox 1247 2840 1317 2885; x_wconf 78' lang='lat' dir='ltr'>text:</span> 
     </span>
    </p>
   </div>
   <div class='ocr_carea' id='block_1_5' title="bbox 457 2948 1109 3495">
    <p class='ocr_par' dir='ltr' id='par_1_5' title="bbox 457 2948 1109 3495">
     <span class='ocr_line' id='line_1_23' title="bbox 457 2948 1108 3008; baseline 0.003 -12"><span class='ocrx_word' id='word_1_213' title='bbox 457 2950 475 2976; x_wconf 79' lang='lat'>‘⁴</span> <span class='ocrx_word' id='word_1_214' title='bbox 489 2948 555 3002; x_wconf 77' lang='lat' dir='ltr'>Quid</span> <span class='ocrx_word' id='word_1_215' title='bbox 566 2949 588 2997; x_wconf 84' lang='lat' dir='ltr'>ei</span> <span class='ocrx_word' id='word_1_216' title='bbox 598 2948 756 2998; x_wconf 80' lang='lat' dir='ltr'>Cartbnsiem</span> <span class='ocrx_word' id='word_1_217' title='bbox 767 2963 807 2997; x_wconf 91' lang='lat' dir='ltr'>me</span> <span class='ocrx_word' id='word_1_218' title='bbox 818 2949 983 2998; x_wconf 88' lang='lat' dir='ltr'>convertendo</span> <span class='ocrx_word' id='word_1_219' title='bbox 991 2956 1108 3008; x_wconf 86' lang='lat' dir='ltr'>revertar,</span> 
     </span>
     <span class='ocr_line' id='line_1_24' title="bbox 521 3027 1021 3090; baseline -0.004 -12"><span class='ocrx_word' id='word_1_220' title='bbox 521 3029 630 3078; x_wconf 85' lang='lat' dir='ltr'>Pellibus</span> <span class='ocrx_word' id='word_1_221' title='bbox 641 3033 666 3078; x_wconf 88' lang='lat' dir='ltr'>et</span> <span class='ocrx_word' id='word_1_222' title='bbox 676 3027 766 3076; x_wconf 84' lang='lat' dir='ltr'>tunieis</span> <span class='ocrx_word' id='word_1_223' title='bbox 778 3027 890 3090; x_wconf 83' lang='lat' dir='ltr'>pluribus</span> <span class='ocrx_word' id='word_1_224' title='bbox 901 3033 957 3076; x_wconf 85' lang='lat' dir='ltr'>utar</span> <span class='ocrx_word' id='word_1_225' title='bbox 968 3029 1021 3077; x_wconf 84' lang='lat' dir='ltr'>ibi?</span> 
     </span>
     <span class='ocr_line' id='line_1_25' title="bbox 489 3108 1109 3173; baseline -0.002 -15"><span class='ocrx_word' id='word_1_226' title='bbox 489 3109 558 3158; x_wconf 81' lang='lat' dir='ltr'>Cella</span> <span class='ocrx_word' id='word_1_227' title='bbox 568 3110 631 3158; x_wconf 87' lang='lat' dir='ltr'>mihi</span> <span class='ocrx_word' id='word_1_228' title='bbox 642 3109 740 3158; x_wconf 89' lang='lat' dir='ltr'>dabitur</span> <span class='ocrx_word' id='word_1_229' title='bbox 751 3123 824 3173; x_wconf 79' lang='lat' dir='ltr'>qaam</span> <span class='ocrx_word' id='word_1_230' title='bbox 835 3109 913 3158; x_wconf 80' lang='lat' dir='ltr'>solam</span> <span class='ocrx_word' id='word_1_231' title='bbox 924 3110 992 3160; x_wconf 81' lang='lat' dir='ltr'>solae</span> <span class='ocrx_word' id='word_1_232' title='bbox 1003 3108 1109 3168; x_wconf 84' lang='lat' dir='ltr'>habebo,</span> 
     </span>
     <span class='ocr_line' id='line_1_26' title="bbox 523 3190 1056 3252; baseline -0.008 -12"><span class='ocrx_word' id='word_1_233' title='bbox 523 3191 606 3240; x_wconf 86' lang='lat' dir='ltr'>Nemo</span> <span class='ocrx_word' id='word_1_234' title='bbox 616 3190 679 3240; x_wconf 90' lang='lat' dir='ltr'>mibi</span> <span class='ocrx_word' id='word_1_235' title='bbox 688 3190 781 3252; x_wconf 75' lang='lat' dir='ltr'>rodas,</span> <span class='ocrx_word' id='word_1_236' title='bbox 793 3205 866 3240; x_wconf 90' lang='lat' dir='ltr'>nemo</span> <span class='ocrx_word' id='word_1_237' title='bbox 876 3190 988 3240; x_wconf 83' lang='lat' dir='ltr'>minister</span> <span class='ocrx_word' id='word_1_238' title='bbox 998 3191 1056 3240; x_wconf 87' lang='lat' dir='ltr'>erit.</span> 
     </span>
     <span class='ocr_line' id='line_1_27' title="bbox 490 3271 1108 3336; baseline -0.005 -14"><span class='ocrx_word' id='word_1_239' title='bbox 490 3273 563 3322; x_wconf 78' lang='lat' dir='ltr'>Solus</span> <span class='ocrx_word' id='word_1_240' title='bbox 574 3273 639 3322; x_wconf 89' lang='lat' dir='ltr'>enim</span> <span class='ocrx_word' id='word_1_241' title='bbox 649 3271 763 3336; x_wconf 73' lang='lat' dir='ltr'>psallam,</span> <span class='ocrx_word' id='word_1_242' title='bbox 775 3272 891 3335; x_wconf 80' lang='lat' dir='ltr'>solusque</span> <span class='ocrx_word' id='word_1_243' title='bbox 902 3271 994 3320; x_wconf 81' lang='lat' dir='ltr'>cibaria</span> <span class='ocrx_word' id='word_1_244' title='bbox 1004 3285 1108 3328; x_wconf 80' lang='lat' dir='ltr'>sumum.</span> 
     </span>
     <span class='ocr_line' id='line_1_28' title="bbox 522 3351 1043 3402; baseline 0.006 -4"><span class='ocrx_word' id='word_1_245' title='bbox 522 3351 556 3399; x_wconf 84' lang='lat' dir='ltr'>Et</span> <span class='ocrx_word' id='word_1_246' title='bbox 567 3351 620 3400; x_wconf 82' lang='lat' dir='ltr'>eine</span> <span class='ocrx_word' id='word_1_247' title='bbox 630 3352 685 3402; x_wconf 80' lang='lat' dir='ltr'>luce</span> <span class='ocrx_word' id='word_1_248' title='bbox 696 3368 778 3402; x_wconf 86' lang='lat' dir='ltr'>meum</span> <span class='ocrx_word' id='word_1_249' title='bbox 789 3353 856 3402; x_wconf 87' lang='lat' dir='ltr'>solus</span> <span class='ocrx_word' id='word_1_250' title='bbox 867 3352 940 3401; x_wconf 80' lang='lat' dir='ltr'>adibo</span> <span class='ocrx_word' id='word_1_251' title='bbox 951 3357 1043 3401; x_wconf 88' lang='lat' dir='ltr'>torum.</span> 
     </span>
     <span class='ocr_line' id='line_1_29' title="bbox 487 3433 1092 3495; baseline 0.005 -15"><span class='ocrx_word' id='word_1_252' title='bbox 487 3433 590 3495; x_wconf 84' lang='lat' dir='ltr'>Semper</span> <span class='ocrx_word' id='word_1_253' title='bbox 599 3433 667 3482; x_wconf 85' lang='lat' dir='ltr'>eolus</span> <span class='ocrx_word' id='word_1_254' title='bbox 678 3447 730 3493; x_wconf 79' lang='lat' dir='ltr'>ero,</span> <span class='ocrx_word' id='word_1_255' title='bbox 742 3433 804 3483; x_wconf 83' lang='lat' dir='ltr'>ealle</span> <span class='ocrx_word' id='word_1_256' title='bbox 815 3435 936 3483; x_wconf 79' lang='lat' dir='ltr'>retinente</span> <span class='ocrx_word' id='word_1_257' title='bbox 948 3433 1092 3490; x_wconf 85' lang='lat' dir='ltr'>trimembri,</span> 
     </span>
    </p>
   </div>
   <div class='ocr_carea' id='block_1_6' title="bbox 491 3512 1101 3654">
    <p class='ocr_par' dir='ltr' id='par_1_6' title="bbox 491 3512 1101 3654">
     <span class='ocr_line' id='line_1_30' title="bbox 520 3512 1022 3578; baseline 0.008 -18"><span class='ocrx_word' id='word_1_258' title='bbox 520 3512 551 3560; x_wconf 89' lang='lat' dir='ltr'>In</span> <span class='ocrx_word' id='word_1_259' title='bbox 563 3528 612 3576; x_wconf 85' lang='lat' dir='ltr'>qua</span> <span class='ocrx_word' id='word_1_260' title='bbox 623 3515 740 3563; x_wconf 87' lang='lat' dir='ltr'>continue</span> <span class='ocrx_word' id='word_1_261' title='bbox 751 3529 795 3578; x_wconf 85' lang='lat' dir='ltr'>pes</span> <span class='ocrx_word' id='word_1_262' title='bbox 811 3529 881 3564; x_wconf 81' lang='lat' dir='ltr'>meua</span> <span class='ocrx_word' id='word_1_263' title='bbox 892 3514 954 3563; x_wconf 83' lang='lat' dir='ltr'>slter</span> <span class='ocrx_word' id='word_1_264' title='bbox 966 3514 1022 3564; x_wconf 87' lang='lat' dir='ltr'>erit.</span> 
     </span>
     <span class='ocr_line' id='line_1_31' title="bbox 491 3591 1101 3654; baseline 0.003 -16"><span class='ocrx_word' id='word_1_265' title='bbox 491 3591 593 3651; x_wconf 87' lang='lat' dir='ltr'>Semper</span> <span class='ocrx_word' id='word_1_266' title='bbox 603 3596 676 3639; x_wconf 83' lang='lat' dir='ltr'>erunt</span> <span class='ocrx_word' id='word_1_267' title='bbox 687 3597 788 3653; x_wconf 72' lang='lat' dir='ltr'>prosto,</span> <span class='ocrx_word' id='word_1_268' title='bbox 799 3593 927 3654; x_wconf 88' lang='lat' dir='ltr'>pulmento</span> <span class='ocrx_word' id='word_1_269' title='bbox 939 3591 1101 3651; x_wconf 82' lang='lat' dir='ltr'>conficiendo,</span> 
     </span>
    </p>
   </div>
   <div class='ocr_carea' id='block_1_7' title="bbox 519 3669 1037 3734">
    <p class='ocr_par' dir='ltr' id='par_1_7' title="bbox 519 3669 1037 3734">
     <span class='ocr_line' id='line_1_32' title="bbox 519 3669 1037 3734; baseline 0 -16"><span class='ocrx_word' id='word_1_270' title='bbox 519 3669 550 3718; x_wconf 88' lang='lat' dir='ltr'>ln</span> <span class='ocrx_word' id='word_1_271' title='bbox 563 3669 624 3716; x_wconf 84' lang='lat' dir='ltr'>cella</span> <span class='ocrx_word' id='word_1_272' title='bbox 633 3670 733 3732; x_wconf 86' lang='lat' dir='ltr'>propria</span> <span class='ocrx_word' id='word_1_273' title='bbox 743 3669 818 3732; x_wconf 74' lang='lat' dir='ltr'>ligne,</span> <span class='ocrx_word' id='word_1_274' title='bbox 830 3672 954 3734; x_wconf 74' lang='lat' dir='ltr'>legumen,</span> <span class='ocrx_word' id='word_1_275' title='bbox 965 3684 1037 3733; x_wconf 80' lang='lat' dir='ltr'>aqua.</span> 
     </span>
    </p>
   </div>
   <div class='ocr_carea' id='block_1_8' title="bbox 486 3748 1068 3786">
    <p class='ocr_par' dir='ltr' id='par_1_8' title="bbox 486 3748 1068 3786">
     <span class='ocr_line' id='line_1_33' title="bbox 486 3748 1068 3786; baseline 0.002 -7"><span class='ocrx_word' id='word_1_276' title='bbox 486 3748 501 3779; x_wconf 68' lang='lat'>0</span> <span class='ocrx_word' id='word_1_277' title='bbox 600 3748 615 3779; x_wconf 68' lang='lat'>0</span> <span class='ocrx_word' id='word_1_278' title='bbox 698 3749 700 3752; x_wconf 84' lang='lat'>&#39;</span> <span class='ocrx_word' id='word_1_279' title='bbox 712 3750 729 3786; x_wconf 69' lang='grc'>*</span> <span class='ocrx_word' id='word_1_280' title='bbox 827 3750 843 3781; x_wconf 70' lang='lat'>0</span> <span class='ocrx_word' id='word_1_281' title='bbox 940 3749 955 3780; x_wconf 68' lang='lat'>0</span> <span class='ocrx_word' id='word_1_282' title='bbox 1052 3748 1068 3780; x_wconf 77' lang='grc' dir='ltr'>Ι</span> 
     </span>
    </p>
   </div>
   <div class='ocr_carea' id='block_1_9' title="bbox 485 3829 1142 4146">
    <p class='ocr_par' dir='ltr' id='par_1_9' title="bbox 488 3829 1135 3966">
     <span class='ocr_line' id='line_1_34' title="bbox 488 3829 1135 3895; baseline -0.005 -15"><span class='ocrx_word' id='word_1_283' title='bbox 488 3829 605 3886; x_wconf 75' lang='lat' dir='ltr'>Qualibet</span> <span class='ocrx_word' id='word_1_284' title='bbox 615 3829 768 3879; x_wconf 82' lang='lat' dir='ltr'>hebdomada</span> <span class='ocrx_word' id='word_1_285' title='bbox 776 3835 814 3879; x_wconf 83' lang='lat' dir='ltr'>ter</span> <span class='ocrx_word' id='word_1_286' title='bbox 824 3845 887 3895; x_wconf 85' lang='lat' dir='ltr'>pene</span> <span class='ocrx_word' id='word_1_287' title='bbox 899 3830 1013 3880; x_wconf 85' lang='lat' dir='ltr'>cibantur</span> <span class='ocrx_word' id='word_1_288' title='bbox 1024 3834 1049 3878; x_wconf 86' lang='lat' dir='ltr'>et</span> <span class='ocrx_word' id='word_1_289' title='bbox 1059 3829 1135 3884; x_wconf 80' lang='lat' dir='ltr'>unde,</span> 
     </span>
     <span class='ocr_line' id='line_1_35' title="bbox 522 3913 1072 3966; baseline -0.004 -2"><span class='ocrx_word' id='word_1_290' title='bbox 522 3915 582 3964; x_wconf 89' lang='lat' dir='ltr'>Non</span> <span class='ocrx_word' id='word_1_291' title='bbox 593 3913 726 3964; x_wconf 88' lang='lat' dir='ltr'>comedunt</span> <span class='ocrx_word' id='word_1_292' title='bbox 736 3930 822 3966; x_wconf 85' lang='lat' dir='ltr'>cernes</span> <span class='ocrx_word' id='word_1_293' title='bbox 833 3917 867 3966; x_wconf 86' lang='lat' dir='ltr'>eit</span> <span class='ocrx_word' id='word_1_294' title='bbox 877 3916 926 3966; x_wconf 88' lang='lat' dir='ltr'>nisi</span> <span class='ocrx_word' id='word_1_295' title='bbox 935 3916 998 3965; x_wconf 81' lang='lat' dir='ltr'>feste</span> <span class='ocrx_word' id='word_1_296' title='bbox 1011 3914 1072 3963; x_wconf 85' lang='lat' dir='ltr'>dies.</span> 
     </span>
    </p>

    <p class='ocr_par' dir='ltr' id='par_1_10' title="bbox 485 3995 1142 4146">
     <span class='ocr_line' id='line_1_36' title="bbox 485 3995 1037 4060; baseline -0.004 -13"><span class='ocrx_word' id='word_1_297' title='bbox 485 3997 520 4047; x_wconf 62' lang='grc' dir='ltr'>Εἰ</span> <span class='ocrx_word' id='word_1_298' title='bbox 531 3996 607 4045; x_wconf 84' lang='lat' dir='ltr'>semel</span> <span class='ocrx_word' id='word_1_299' title='bbox 617 3995 644 4043; x_wconf 90' lang='lat' dir='ltr'>in</span> <span class='ocrx_word' id='word_1_300' title='bbox 657 4011 741 4046; x_wconf 82' lang='lat' dir='ltr'>mense</span> <span class='ocrx_word' id='word_1_301' title='bbox 752 3997 792 4045; x_wconf 84' lang='lat' dir='ltr'>rel</span> <span class='ocrx_word' id='word_1_302' title='bbox 802 3997 840 4046; x_wconf 84' lang='lat' dir='ltr'>bie</span> <span class='ocrx_word' id='word_1_303' title='bbox 851 3997 882 4046; x_wconf 91' lang='lat' dir='ltr'>de</span> <span class='ocrx_word' id='word_1_304' title='bbox 887 3997 943 4060; x_wconf 85' lang='lat' dir='ltr'>jure</span> <span class='ocrx_word' id='word_1_305' title='bbox 953 3997 1037 4047; x_wconf 77' lang='lat' dir='ltr'>venire</span> 
     </span>
     <span class='ocr_line' id='line_1_37' title="bbox 518 4078 1142 4146; baseline -0.002 -18"><span class='ocrx_word' id='word_1_306' title='bbox 518 4078 668 4128; x_wconf 73' lang='lat' dir='ltr'>Admittam</span> <span class='ocrx_word' id='word_1_307' title='bbox 679 4083 806 4144; x_wconf 83' lang='lat' dir='ltr'>poterunt,</span> <span class='ocrx_word' id='word_1_308' title='bbox 819 4081 840 4131; x_wconf 85' lang='lat' dir='ltr'>ei</span> <span class='ocrx_word' id='word_1_309' title='bbox 851 4085 928 4144; x_wconf 70' lang='lat' dir='ltr'>vacat,</span> <span class='ocrx_word' id='word_1_310' title='bbox 940 4084 1015 4146; x_wconf 85' lang='lat' dir='ltr'>etque</span> <span class='ocrx_word' id='word_1_311' title='bbox 1025 4079 1142 4129; x_wconf 85' lang='lat' dir='ltr'>volunt.”</span> 
     </span>
    </p>
   </div>
   <div class='ocr_carea' id='block_1_10' title="bbox 0 0 1830 4852">
    <p class='ocr_par' dir='ltr' id='par_1_11' title="bbox 0 0 1830 4852">
     <span class='ocr_line' id='line_1_38' title="bbox 0 0 1830 4852; baseline 0 4"><span class='ocrx_word' id='word_1_312' title='bbox 0 0 1830 4852; x_wconf 95' lang='lat' dir='ltr'> </span> 
     </span>
    </p>
   </div>
  </div>
 </body>
</html>
