3608 4862
230 540 352 606 cren]
593 541 640 584 nn
666 539 777 585 noers
802 541 1028 585 enarrarunt.
1353 527 1412 586 15⁵

211 693 364 780 alloquio,
395 691 577 777 mentisque
601 713 668 756 suae
693 690 754 757 sibi
770 691 895 756 divinat
908 690 1086 777 angustias,
1111 690 1290 756 subsidium
1316 714 1415 777 spon·

214 797 279 877 det,
299 796 443 882 perditas
472 795 502 861 ei
525 795 688 880 promittit
713 795 853 874 divitias,
877 804 911 860 et
935 795 1072 880 adjicere
1098 795 1265 860 desideriis
1290 795 1412 877 altiora,

213 900 392 965 dnmmodo
408 921 442 964 se
458 921 518 963 suo
534 896 683 983 subjiciat
698 898 844 963 dominio
861 897 1058 983 consilioque
1073 898 1227 963 fruatur!
1271 898 1415 984 Suspicit

211 1003 275 1080 ille,
299 1011 411 1087 stupet
438 1010 472 1066 et
499 1000 611 1065 horret
633 1001 674 1064 ad
697 1000 774 1065 novi
799 1000 981 1085 spectacula
1009 1000 1157 1066 monstri.
1215 1001 1411 1086 Suspectum

210 1104 310 1170 habet
333 1126 373 1168 ex
396 1103 540 1169 dominio
558 1103 751 1184 daemonem,
766 1103 812 1167 ait
834 1113 963 1168 tamen:
1000 1107 1022 1142 “
1032 1105 1084 1168 Τιι
1099 1105 1171 1188 quis
1186 1107 1245 1169 es?
1292 1105 1412 1168 Nonne

210 1218 246 1272 tu
276 1217 426 1273 nostrum
450 1207 530 1271 Evae
553 1207 618 1270 tuis
642 1207 831 1290 persuasisti
860 1205 1003 1271 consiliis
1033 1207 1176 1286 exilium,
1198 1208 1254 1292 qui
1279 1207 1410 1272 armasti

212 1309 305 1374 Caim
333 1309 368 1374 in
396 1308 492 1386 Abel,
521 1305 577 1393 qui
614 1307 695 1372 Cam
725 1308 826 1393 patris
860 1308 964 1373 fecisti
994 1309 1180 1389 derisorem,
1210 1311 1412 1374 Pharaonem

210 1422 386 1499 tyrannum
407 1411 442 1474 in
463 1409 622 1496 populum
650 1410 760 1488 lsrael,
785 1410 943 1496 populum
975 1410 1177 1475 obstinatum
1197 1410 1232 1474 in
1258 1411 1412 1498 Moysen,

210 1517 320 1582 Datan
337 1514 483 1579 invidum
508 1514 541 1577 in
565 1513 687 1592 Aaron,
707 1512 922 1597 Architophel
936 1514 1102 1598 perjurum
1117 1514 1151 1577 in
1167 1514 1287 1592 David,
1301 1513 1410 1578 Abso-

210 1619 265 1684 lon
278 1617 387 1683 animo
402 1617 602 1702 patricidam,
617 1616 641 1681 J
642 1616 751 1681 eaabel
765 1619 850 1680 facto
874 1614 1108 1695 detestabilem,
1123 1617 1187 1680 tuis
1210 1616 1411 1682 adinventio-

209 1719 307 1786 nibus
326 1717 519 1783 reddidisti?
565 1718 654 1786 Quid
678 1739 762 1782 anne
787 1728 915 1781 tuarum
940 1739 1038 1802 cogor
1063 1718 1191 1802 agmina
1211 1718 1409 1783 fallaciarum

211 1841 412 1898 enumerare,
423 1842 496 1884 cum
511 1819 681 1884 innumera
695 1819 772 1898 sint,
783 1827 818 1882 et
832 1839 906 1882 cum
918 1839 983 1882 non
999 1841 1066 1882 una
1080 1819 1123 1881 sit
1132 1818 1185 1882 rel
1199 1820 1298 1884 fuerit
1312 1841 1409 1904 quam

210 1931 247 1987 tu
268 1945 335 1986 non
358 1923 536 1988 creaveris?
582 1923 628 1987 Et
649 1922 748 1986 finem
763 1943 874 1986 earum
889 1921 962 2007 quis
983 1921 1132 2006 ignorat?
1178 1922 1262 1989 Quis
1278 1934 1408 1987 tuorum

210 2025 316 2090 nescit
328 2026 537 2091 conciliorum
552 2027 658 2090 esitus
673 2036 707 2090 et
721 2024 974 2109 promissionum
989 2023 1218 2088 retributiones
1227 2026 1408 2109 pessimas?

208 2127 292 2196 Quis
308 2149 375 2192 non
395 2127 502 2191 omnis
526 2127 649 2192 militiae
666 2135 731 2191 ture
753 2127 909 2191 damnosa
929 2125 1021 2190 novit
1047 2126 1233 2209 stipendia?
1279 2127 1407 2191 Scimus

207 2229 294 2318 quod
310 2251 423 2294 omnes
439 2238 601 2314 occupant
615 2229 695 2292 retia
710 2238 767 2292 tua
789 2227 932 2306 semitas,
947 2239 980 2291 et
995 2228 1101 2292 omnis
1117 2249 1192 2292 esca
1207 2239 1263 2292 tua
1279 2249 1409 2314 semper

205 2332 240 2400 in
264 2330 380 2394 hamis.
424 2329 525 2394 Venit
552 2352 593 2395 en
616 2329 679 2394 ista
701 2328 873 2394 blandities
895 2329 930 2393 in
951 2330 1049 2394 hamo
1065 2353 1161 2414 quam
1178 2332 1206 2395 si
1230 2331 1407 2416 deglutiero

205 2434 316 2522 proeda
337 2435 443 2510 sum.''
489 2433 572 2497 Haec
586 2433 641 2512 ait,
657 2443 690 2498 et
704 2433 881 2511 infremuit,
896 2442 1030 2518 totoque
1046 2434 1197 2519 stupidus
1217 2434 1313 2499 haesit
1332 2437 1408 2500 hor·

205 2557 287 2602 rore.
322 2537 393 2600 Nec
408 2534 547 2613 mirum3
570 2534 703 2599 horrent
717 2534 804 2599 enirn
820 2544 857 2598 ut
868 2535 961 2599 aiunt
975 2535 1092 2620 quibus
1103 2537 1143 2600 de
1158 2547 1254 2603 nocte
1266 2538 1407 2623 proximi

205 2649 286 2707 sunt
310 2640 408 2718 fures,
423 2649 480 2702 aut
500 2661 612 2704 cervae.
656 2640 708 2703 De
724 2661 829 2717 cerva,
845 2640 954 2703 nescio
969 2639 1138 2718 rationem,
1155 2642 1212 2705 sed
1227 2642 1314 2706 fures
1331 2643 1408 2706 hor-

204 2741 423 2828 ripilationem
438 2763 505 2804 non
520 2739 654 2819 faciunt,
666 2740 723 2804 sed
738 2740 794 2825 qui
810 2762 884 2804 eum
900 2740 946 2804 eis
961 2742 1221 2806 concomitantur
1230 2743 1406 2810 daemones.

205 2847 272 2912 Hic
282 2845 380 2930 igitur
390 2845 520 2929 expavit
529 2843 644 2908 merito
654 2845 705 2908 cui
713 2843 881 2928 proximus
891 2853 942 2908 est
953 2845 1052 2909 Satan
1061 2856 1171 2910 astans
1182 2858 1216 2911 et
1225 2847 1406 2932 alloquens;

202 2951 237 3016 in
252 2971 329 3014 vera
342 2948 467 3012 visione
483 2970 592 3012 secum
609 2947 655 3011 sic
671 2947 769 3011 miser
783 2948 840 3011 diu
862 2947 1024 3032 disputat:
1049 2949 1114 3014 “Si
1130 2951 1217 3035 quod
1233 2951 1329 3035 jubet
1343 2953 1406 3019 hoo

203 3073 311 3138 egero,
320 3052 474 3136 deceptus
485 3073 568 3130 um,
578 3051 723 3114 infernus
732 3051 849 3114 domus
859 3072 931 3114 mea
941 3060 1005 3131 est3
1025 3052 1075 3115 sin
1085 3065 1324 3132 antem,manus
1334 3058 1405 3141 ejus

201 3176 270 3220 non
280 3153 463 3239 effugiam.”
506 3155 590 3218 Tum
603 3153 666 3231 ille,
678 3154 734 3237 qui
745 3153 890 3217 sollerter
904 3175 945 3217 ex
959 3154 1110 3219 omnibus
1121 3155 1162 3220 ab
1173 3157 1266 3222 initio
1279 3158 1408 3244 collegit

201 3255 367 3336 astutiam,
383 3257 567 3341 conjectans
582 3256 659 3342 quid
682 3266 768 3321 esset
790 3256 824 3320 in
840 3278 936 3321 causa
950 3279 1060 3338 morae,
1081 3258 1273 3324 subintulitr
1296 3265 1318 3297 “
1327 3261 1405 3325 Non

201 3369 235 3426 te
250 3359 362 3424 turbet
380 3360 478 3424 timor
492 3360 620 3439 inferni,
641 3360 716 3445 quia
730 3359 896 3444 longaerus
911 3381 958 3439 es,
973 3370 1007 3424 et
1020 3360 1079 3424 tibi
1094 3361 1190 3446 longa
1206 3362 1284 3425 satis
1302 3363 1405 3447 poeni-

201 3462 305 3529 tentia
319 3469 468 3548 tempora
482 3471 617 3528 restant.
660 3462 758 3527 Addo
773 3463 861 3548 quod
885 3473 960 3527 ante
983 3472 1122 3528 mortem
1145 3474 1235 3528 tuam
1250 3473 1283 3530 te
1298 3464 1402 3530 tribus

232 3685 249 3720 *
265 3687 325 3737 'l'his
344 3686 503 3736 incidentes
519 3702 533 3734 ι
550 3685 649 3749 knight,
669 3686 723 3734 nhc
738 3685 788 3734 had
821 3685 913 3734 lection
934 3684 964 3733 of
982 3685 1056 3734 Latin
1079 3685 1182 3742 Stories,
1200 3701 1226 3748 p.
1247 3690 1297 3746 31;
1315 3687 1342 3734 in
1359 3687 1403 3736 tha

157 3747 174 3794 κ
199 3769 292 3818 mted
314 3769 353 3818 his
373 3770 524 3833 patrimony,
542 3768 617 3830 being
633 3767 746 3816 restored
759 3773 785 3817 to
821 3765 916 3815 &ench
929 3767 1020 3814 lablian
1037 3767 1074 3814 Le
1088 3766 1129 3813 det
1140 3767 1173 3814 da
1180 3781 1258 3828 poure
1269 3769 1401 3826 chevalier,

198 3849 279 3900 riches
297 3851 332 3914 by
350 3851 393 3899 the
412 3851 460 3899 eril
479 3850 573 3909 one,is
597 3863 712 3897 common
729 3855 784 3897 toa
818 3848 845 3896 in
868 3845 993 3896 Jubiaal's
1010 3847 1093 3896 Nous.
1118 3847 1229 3906 Βεοιιείῑ,
1252 3850 1270 3898 i.
1295 3865 1322 3913 p.
1346 3853 1402 3912 las,

197 3933 303 3981 number
322 3932 352 3981 ot
366 3933 487 3981 mediaral
508 3931 606 3980 surim.
652 3931 785 3980 Instanees
817 3925 864 3978 &a
898 3929 952 3977 The
964 3928 1069 3991 English
1080 3928 1167 3991 legend
1185 3928 1214 3977 of
1232 3929 1272 3978 Sir
1282 3931 1399 3991 Amadas,

196 4015 248 4064 will
258 4015 290 4063 be
301 4013 380 4062 round
391 4015 418 4062 in
430 4014 473 4062 tlrs
489 4013 564 4062 Latin
576 4019 644 4076 story
655 4014 695 4062 De
704 4013 787 4061 milite
818 4011 844 4058 in
857 4011 957 4070 Weber,
969 4012 1018 4060 vol.
1030 4011 1066 4058 iii.
1077 4026 1102 4074 p.
1116 4013 1174 4068 943,
1185 4011 1237 4060 also
1249 4012 1319 4063 bears
1331 4029 1400 4066 some

196 4097 349 4159 palpantum
360 4095 430 4156 fecit
447 4109 503 4144 cum
520 4094 627 4154 diabolo,
639 4095 666 4144 in
685 4110 726 4157 my
740 4094 784 4142 Se·
819 4093 984 4143 resemblance
996 4099 1022 4142 to
1033 4093 1063 4143 it.
