3650 4852
244 540 372 606 capra]
613 546 661 590 aa
686 545 796 592 soors
820 547 1045 594 coarsuruu.
1387 531 1427 590 25

225 713 292 756 noo
308 693 355 758 sic
367 718 377 772 3
397 695 455 760 sed
478 695 534 780 qui
548 696 690 762 futuram
712 697 915 785 inquirimus,
943 722 1008 786 quo
1031 697 1233 765 manifestior
1257 695 1353 764 nobis
1377 708 1428 764 est

228 797 343 862 mundi
358 798 465 863 vilitas
480 808 514 863 et
528 801 632 885 major
646 803 779 882 attritio,
792 805 893 888 magis
908 804 984 868 hinc
999 804 1038 867 ad
1054 804 1142 868 illam
1156 822 1378 889 properemus,
1394 810 1429 866 et

225 896 269 961 sit
283 900 397 965 melior
411 901 453 966 ad
467 903 576 966 futura
598 924 672 988 spes
698 913 732 969 et
756 927 776 967 a
799 927 875 968 cura
900 915 993 970 terrae
1017 904 1157 968 liberior.
1202 905 1326 988 Equus,
1352 902 1426 983 bos,

225 1006 378 1086 camelus,
392 1017 426 1070 et
440 1006 562 1086 asinus,
576 1016 610 1071 et
624 1008 884 1094 quidemcunque
908 1019 1059 1093 vegetum
1081 1018 1133 1072 est
1159 1007 1288 1086 animal,
1310 1030 1329 1070 a
1353 1005 1425 1071 luto

226 1105 358 1173 festinat
372 1109 454 1194 eripi
468 1109 554 1175 vela
572 1111 660 1176 fossa
675 1121 746 1176 toto
760 1112 882 1177 resilire
897 1122 1027 1176 conatu.
1071 1112 1143 1176 Nos
1158 1121 1268 1175 autern
1293 1109 1328 1174 in
1353 1110 1425 1174 luto

224 1210 427 1275 manebimus
441 1211 544 1277 infixi.
589 1213 707 1278 Sanius
722 1223 772 1278 est
797 1222 835 1277 ut
859 1213 1091 1278 irrationalium
1116 1211 1240 1281 ratione
1265 1233 1424 1295 regamur,

225 1313 343 1397 quibus
359 1323 474 1378 natura
488 1313 604 1378 melius
620 1315 767 1380 ordinem
782 1315 884 1380 dietat
898 1337 995 1399 quam
1014 1313 1109 1378 nobis
1129 1323 1241 1378 nostra
1255 1314 1424 1400 sapientia.

225 1416 1292 1503 Feroesapiunt3feroeverae,cervus,aper,dama,capriolus,certam
1302 1416 1425 1481 habent

224 1517 328 1602 legem
343 1530 376 1584 et
390 1529 522 1605 tempus
537 1520 704 1586 accubitus
719 1531 752 1585 et
766 1521 969 1601 concubitus,
984 1521 1110 1606 soporis
1128 1530 1161 1584 et
1178 1519 1305 1604 vigiliae,
1320 1518 1423 1584 vices-

224 1642 286 1705 que
301 1644 368 1685 non
382 1623 663 1707 transgrediuntur
676 1624 800 1709 positas
816 1624 889 1703 sibi,
903 1623 944 1688 ab
959 1623 1109 1688 hostibus
1128 1643 1240 1688 cavere
1255 1642 1422 1706 nunquam

223 1731 364 1808 torpent,
394 1725 529 1810 vestigia
553 1726 876 1812 circumspectissime
900 1735 1030 1812 ponunt
1051 1725 1195 1810 adusque
1220 1723 1424 1808 cubiliaque

224 1825 264 1889 ab
280 1825 327 1890 eis
342 1836 393 1890 est
406 1827 580 1912 indagatio,
601 1829 693 1914 quasi
715 1830 873 1908 scientes;
899 1829 927 1894 si
949 1829 1084 1896 Catonis
1099 1827 1240 1893 habeant
1265 1836 1299 1892 et
1320 1825 1422 1890 totius

224 1928 358 1994 consilia
368 1938 498 1994 senatus
510 1931 643 1994 cautelae
659 1951 725 1996 sure
737 1931 819 1995 nihil
832 1931 985 2017 adjicient
995 1931 1156 2016 adingam
1166 1929 1422 2008 sidivictuntur3

224 2029 407 2096 diutissime
443 2032 571 2111 vivunt,
599 2042 712 2117 pastus
742 2034 788 2100 eis
818 2035 934 2100 unicus
963 2033 1078 2099 folium
1107 2042 1141 2097 et
1168 2032 1279 2112 herba,
1308 2041 1424 2096 natura

222 2143 395 2217 promptus
421 2157 488 2198 non
512 2144 580 2200 arte
596 2135 770 2216 delicatus3
796 2148 895 2222 potus
910 2158 1003 2221 aqua,
1029 2155 1090 2200 nec
1111 2135 1241 2198 raritate
1268 2155 1340 2198 cara
1361 2155 1422 2197 nec

224 2236 456 2302 communitate
465 2237 549 2302 vilis.
572 2237 644 2304 Hac
653 2239 897 2304 immutabiliter
907 2239 988 2304 serie
997 2239 1173 2302 decurrunt
1181 2246 1328 2320 tempora
1336 2235 1423 2298 feroe.

222 2338 455 2404 Verumtamen
470 2341 556 2425 quod
566 2340 736 2405 nobiscum
751 2341 900 2405 habitant
914 2339 1063 2404 animalia
1076 2347 1256 2417 mausueta,
1268 2346 1423 2422 tanquam

224 2441 348 2506 anobis
363 2452 530 2508 contracto
544 2443 635 2524 vitio,
651 2465 726 2508 cum
742 2489 873 2508 ......
888 2443 1011 2522 vivant,
1025 2452 1064 2506 ut
1077 2441 1163 2526 equi,
1178 2440 1272 2520 tauri,
1286 2441 1424 2525 gallinae,

224 2545 393 2625 columbae,
407 2547 494 2610 vices
516 2557 626 2612 tamen
656 2547 781 2612 dierum
803 2556 837 2611 et
865 2545 1009 2610 noctium
1032 2544 1208 2610 observant
1236 2565 1275 2607 ex
1298 2554 1423 2610 natura.

226 2648 384 2714 Quamvis
399 2648 497 2712 etiam
511 2669 576 2713 usu
596 2649 727 2714 venerio
749 2658 999 2734 nostrorumque
1022 2647 1169 2712 ciborum
1192 2648 1339 2732 appetitu
1361 2646 1425 2710 fre-

224 2759 362 2835 quenter
390 2751 558 2830 excedant,
582 2761 617 2816 et
641 2751 786 2817 indebita
811 2752 1054 2836 concupiscant,
1083 2773 1144 2815 nos
1174 2759 1283 2814 tamen
1312 2771 1425 2814 eorum

225 2853 410 2918 excedimus
436 2875 599 2920 excessus.
645 2857 755 2922 Unam
781 2865 891 2921 tamen
916 2855 1013 2921 nobis
1044 2855 1199 2920 virtutem
1219 2852 1424 2918 abstinentias

224 2955 319 3020 bruta
333 2956 522 3041 loquuntur,
536 2978 597 3020 nec
619 2957 663 3021 sit
682 2957 802 3042 aliquid
823 2958 925 3022 oculis
948 2957 1116 3022 ostensum
1139 2956 1174 3019 in
1196 2978 1260 3040 quo
1282 2977 1349 3020 non
1372 2977 1424 3019 os-

225 3057 337 3122 tendat
351 3057 516 3122 Dominus
527 3057 666 3142 aliquam
677 3058 900 3122 instructionis
912 3058 1060 3123 formam.
1093 3059 1184 3122 Dum
1196 3068 1304 3121 autem
1315 3078 1424 3120 assue-

225 3158 345 3224 scimus
361 3160 450 3245 quod
466 3159 629 3245 prohibet,
644 3159 790 3244 quamvis
812 3159 945 3244 grandia
959 3160 1114 3237 vicemus,
1129 3158 1297 3222 obruimur
1318 3179 1424 3236 arena,

225 3262 403 3326 secundum
433 3261 521 3346 quod
546 3261 592 3325 ait
622 3260 810 3345 Gregorius,
836 3260 1014 3345 transitque
1040 3259 1216 3326 multitudo
1240 3260 1361 3325 levium
1384 3258 1425 3322 ad

226 3365 484 3429 conformitatem
500 3363 657 3448 gravium.
703 3363 775 3426 Nos
791 3375 899 3428 autem
925 3385 1006 3448 quos
1031 3385 1097 3428 non
1124 3372 1230 3427 cessat
1252 3363 1425 3426 informare

226 3468 382 3552 sapientia
396 3467 539 3551 pretiosa
555 3486 716 3550 quemque
742 3463 921 3542 clamitans,
947 3467 982 3529 in
1007 3465 1123 3552 plateis
1149 3464 1280 3530 incertis
1303 3463 1425 3528 inordi-

223 3572 310 3637 natis
325 3591 469 3634 erramus
484 3568 621 3647 actibus,
636 3577 819 3651 nostraeque
835 3568 932 3632 saluti
946 3579 1014 3633 tarn
1028 3568 1144 3651 animae
1160 3589 1257 3654 quarn
1280 3564 1424 3650 eorporis

224 3673 355 3741 obviam
364 3669 479 3734 ultimo
489 3669 622 3734 ferimur
631 3669 787 3754 desipere,
797 3671 958 3753 sapientes
967 3671 1001 3733 in
1010 3669 1214 3752 beneplacito
1224 3666 1338 3745 carnis,
1349 3686 1426 3730 cum

200 3863 206 3868 Ι
225 3775 294 3840 sola
309 3773 353 3837 sit
366 3769 610 3836 intollerabilior
625 3791 721 3855 quam
736 3767 857 3832 femina
883 3767 1005 3849 dives,lt
1030 3767 1145 3833 inutile
1168 3766 1321 3856 probans,
1346 3765 1426 3830 utile

486 3961 502 3994 ¹¹
521 3963 537 3989 ¹⁴
548 3955 731 4009 intolerabilius
743 3955 805 4008 nihil
815 3961 854 4008 cst
864 3969 940 4022 quam
950 3955 1042 4008 femina
1052 3939 1150 4006 divea¹⁹¹

1068 4039 1183 4092 Juvenal.
1196 4039 1247 4089 Sat.
1260 4036 1292 4086 ri.
1300 4035 1326 4086 b.
1334 4036 1393 4090 460.

268 4146 382 4192 GAMD·
398 4145 471 4192 800.
1231 4143 1253 4188 Ε
