3608 4862
248 565 309 630 esp.
327 563 376 626 un]
631 559 678 604 ns
699 559 809 604 muers
833 559 1059 606 currentum.
1373 549 1432 607 125

230 741 309 827 quid
323 747 399 804 ante
414 737 515 804 Lausi
530 737 652 823 placuit
676 736 712 802 in
736 735 882 802 moribus
906 739 1029 818 horret,
1043 747 1151 802 totum
1166 738 1201 802 in
1217 761 1309 804 suam
1332 740 1433 806 inter-

229 853 377 930 pretatur
391 841 553 928 pessimus
568 862 670 925 augur
683 841 845 926 injuriam,
860 842 949 927 quod
968 841 1022 906 ille
1050 841 1183 906 domino
1208 864 1268 906 suo
1294 844 1434 911 devotus
1489 869 1493 876 ·

230 945 365 1026 assistit,
381 945 469 1031 quod
484 943 710 1029 dispensanter
732 954 766 1009 et
785 945 920 1030 provide
943 945 1117 1024 ministrat,
1132 946 1219 1030 quod
1234 946 1373 1014 fideliter
1387 951 1434 1014 la-

230 1051 384 1130 mulatur,
410 1049 498 1133 quod
513 1047 648 1113 feliciter
670 1055 855 1134 acceptatur
880 1070 899 1111 a
924 1048 1067 1129 domino,
1094 1050 1182 1134 quod
1207 1051 1304 1115 etiarn
1330 1053 1434 1138 ipsius

231 1161 356 1217 amator
371 1160 423 1216 est
436 1173 533 1216 verus
553 1161 587 1216 et
610 1151 824 1236 promotionis
840 1151 978 1236 adjutor,
995 1152 1216 1237 duplicitatem
1232 1155 1320 1235 dicit,
1335 1156 1434 1223 bene·

230 1257 359 1342 ficiique
373 1257 476 1321 fidum
492 1266 655 1320 auctorem
666 1256 788 1320 fraudis
800 1257 914 1341 arguit.
958 1256 1087 1321 Lausus
1100 1258 1129 1322 ei
1141 1268 1206 1321 tam
1219 1259 1360 1325 fictionis
1372 1262 1434 1326 im-

230 1381 355 1425 memor
383 1381 481 1446 quam
503 1359 652 1425 factionis
675 1358 796 1424 inscius
823 1381 953 1424 omnem
968 1360 1101 1425 exhibet
1124 1360 1211 1426 bona
1226 1361 1431 1449 simplicitate

231 1465 431 1528 societatem.
476 1463 538 1527 Par
563 1463 691 1548 utrique
717 1463 827 1528 vultus
853 1463 943 1527 etin
958 1463 1065 1529 verbis
1091 1464 1287 1530 indemnitas
1310 1480 1431 1553 aperta,

230 1566 340 1651 dispar
355 1565 490 1629 affectus
505 1573 539 1628 et
553 1563 716 1649 oppositio
732 1564 879 1629 cordium
895 1575 1017 1651 operta.
1061 1567 1179 1652 AEquis
1194 1568 1319 1653 placere
1332 1581 1432 1636 certa·

230 1669 311 1734 bant
325 1668 488 1754 obsequiis
503 1689 594 1732 amor
608 1677 642 1732 et
655 1667 749 1748 livor,
764 1676 879 1732 ettam
894 1667 977 1734 bene
994 1669 1118 1735 caritati
1142 1681 1176 1734 et
1194 1671 1264 1738 haec
1289 1673 1430 1740 adulatio

234 1772 407 1850 simillima,
419 1771 506 1856 quod
519 1792 671 1857 expresse
686 1792 783 1835 nemo
794 1771 1006 1856 deprehendit
1016 1773 1083 1837 vim
1095 1773 1326 1840 similitudinis.
1359 1778 1432 1842 Hos

231 1885 269 1940 ut
289 1875 409 1939 Nisum
424 1883 459 1938 et
473 1873 653 1958 Euryalum
668 1873 867 1938 mirabantur
880 1876 1040 1954 homines,
1056 1898 1139 1962 quos
1155 1888 1193 1943 ut
1203 1879 1384 1946 Pirithoum
1401 1890 1434 1946 et

231 1979 357 2042 Thesea
366 1975 498 2042 videbat
510 1978 612 2042 Deus.
652 1976 675 2042 J
676 1999 728 2040 am
738 1977 884 2042 flammas
894 1978 961 2043 odii
970 2000 1084 2044 omnes
1096 2003 1175 2066 quas
1186 1980 1373 2048 incenderat
1384 1986 1433 2050 ul-

230 2091 281 2147 tro
290 2103 357 2146 non
370 2080 483 2144 suffert
494 2081 578 2144 ultra
588 2080 718 2160 Parius3
738 2081 806 2165 jam
821 2104 841 2144 a
854 2081 983 2147 fornace
994 2083 1149 2147 nutritiva
1157 2085 1317 2150 violenter
1327 2109 1433 2152 erum-

230 2193 325 2269 punt,
341 2183 420 2248 etin
437 2193 545 2247 actum
560 2182 689 2268 prodire
705 2183 796 2268 cupit
810 2184 967 2268 degenere
980 2184 1035 2248 diu
1051 2185 1183 2250 decocta
1198 2187 1315 2252 sudore
1330 2190 1433 2253 medi·

230 2287 310 2353 tatio
319 2313 329 2368 3
348 2287 416 2373 jam
432 2285 652 2351 omnimodam
668 2285 772 2352 amico
795 2286 908 2351 Parius
923 2297 1033 2353 mente
1048 2289 1190 2373 concipit
1203 2291 1359 2356 infrunita
1375 2315 1432 2358 nc·

231 2413 312 2473 cem,
327 2401 362 2456 et
386 2413 460 2456 cum
480 2390 510 2454 ei
533 2390 658 2454 cladem
674 2411 804 2454 omnem
820 2399 953 2475 exoptet
968 2390 1049 2456 clam
1067 2393 1193 2457 unicam
1209 2403 1243 2458 et
1258 2396 1432 2461 secretissi-

229 2518 317 2560 mam
333 2494 458 2580 quoerit,
473 2515 515 2558 ne
530 2493 636 2558 noctis
650 2493 685 2556 in
696 2493 802 2558 lucem
818 2503 893 2557 nata
907 2494 1054 2578 prosiliat
1067 2495 1101 2560 in
1117 2497 1266 2561 notitiam
1277 2499 1431 2584 nequitia.

232 2598 388 2663 Mulieres
400 2597 537 2684 Scythas
552 2596 613 2660 scit
627 2596 662 2660 in
678 2596 811 2681 singulis
822 2598 924 2662 oculis
938 2599 1083 2683 geminas
1098 2599 1217 2665 habere
1232 2602 1382 2688 pupillas,
1399 2614 1432 2669 et

230 2723 344 2766 necare
367 2722 449 2786 quos
472 2700 562 2764 iratm
577 2699 788 2784 respexerint.
833 2700 903 2765 Scit
922 2703 1168 2769 mathematicos
1192 2705 1338 2771 Thracica
1364 2708 1432 2773 sols

230 2805 409 2870 carminum
425 2803 579 2870 violentia
594 2802 712 2888 quibus
739 2803 889 2868 affuerint
913 2805 1070 2871 occidere.
1114 2807 1203 2873 Quid
1218 2809 1365 2894 pestibus
1379 2811 1432 2876 his

232 2908 414 2972 occultius?
461 2907 545 2975 Quae
570 2928 659 2971 mors
682 2906 722 2970 ad
738 2908 955 2972 accusandum
977 2903 1138 2995 ineptior?
1184 2911 1347 2998 Utrinque
1362 2936 1434 2979 sus-

230 3011 364 3097 pitionis
387 3010 507 3096 reperit
529 3019 727 3096 argumenta,
742 3010 833 3094 ipsos
856 3011 984 3077 sceleris
1006 3011 1102 3078 timet
1123 3025 1282 3096 auctores,
1297 3026 1331 3081 et
1345 3019 1432 3103 qnod
1478 3049 1479 3054 ¹

229 3115 300 3201 ipse
324 3114 386 3179 scit
411 3114 575 3179 neminem
601 3113 700 3178 latere
715 3113 827 3192 credit,
842 3114 941 3179 audet
955 3114 989 3179 in
1005 3117 1115 3181 Deum
1132 3119 1185 3183 cui
1199 3121 1307 3184 nudus
1323 3131 1383 3202 est,
1399 3130 1433 3186 et

230 3219 264 3282 in
279 3219 398 3282 famam
413 3216 524 3281 tremit
539 3225 692 3295 muratus,
707 3225 745 3280 ut
758 3217 924 3282 hominem
940 3219 1038 3283 simul
1053 3229 1087 3284 et
1100 3231 1239 3287 mortem
1255 3225 1433 3310 extinguat,

230 3342 328 3386 omne
359 3321 437 3385 facit
462 3320 580 3384 mentis
609 3318 813 3394 adulterium,
842 3329 876 3384 et
897 3319 933 3383 in
956 3321 1167 3405 cogitationes
1192 3334 1283 3390 totus
1318 3327 1433 3392 defluit

230 3424 362 3504 alienas,
384 3434 423 3488 ut
446 3424 578 3488 nomine
601 3431 736 3487 vocetur
760 3443 859 3501 novo,
885 3422 969 3487 sicut
992 3423 1133 3488 hominis
1157 3425 1208 3489 sit.
1257 3428 1433 3495 Morticida

229 3549 356 3591 venena
369 3528 508 3613 placent,
524 3525 581 3590 sed
596 3525 737 3603 insolita,
750 3524 807 3588 sed
822 3524 1005 3608 singularia,
1017 3526 1075 3590 sed
1089 3536 1127 3590 ut
1141 3529 1370 3596 nocentissima
1386 3535 1432 3600 sic

231 3629 453 3708 latentissimo,
470 3631 516 3694 sic
531 3629 638 3714 qualia
658 3628 747 3691 nulla
763 3627 900 3717 Scythas
916 3636 950 3690 et
963 3627 1123 3707 Thraces3
1149 3629 1263 3695 Circen
1278 3638 1433 3720 praeterit,

230 3739 264 3794 et
287 3730 454 3811 Medeam,
469 3741 503 3795 et
523 3751 724 3815 quaecunque
739 3729 885 3793 veritatis
907 3726 1030 3793 habent
1043 3731 1179 3819 vestigia
1202 3737 1432 3818 praetermittit.

231 3833 380 3898 Invisum
396 3843 429 3898 et
444 3834 625 3899 inauditum
641 3840 794 3918 procurat
808 3831 944 3910 sacione,
954 3852 1050 3897 omne
1066 3835 1181 3919 satagit
1196 3859 1325 3904 movere
1340 3841 1432 3929 lapil-

230 3935 318 4014 lum3
338 3945 371 4000 et
380 3937 454 4021 quia
464 3937 546 4001 nihil
554 3937 680 4001 invenit
690 3936 778 4021 quod
789 3957 856 4000 non
867 3957 908 4000 ex
916 3944 1078 4002 vetustate
1089 3940 1225 4023 prodeat
1233 3962 1432 4029 repercussa,

230 4039 334 4102 resilit
348 4037 537 4122 obstinatio,
562 4039 647 4106 redit
672 4049 783 4104 tamen
807 4041 848 4104 ad
870 4050 1001 4106 vetusta
1021 4064 1114 4108 mens
1137 4044 1253 4132 indaga
1278 4049 1433 4116 novitatis

230 4149 264 4204 et
278 4139 475 4209 inventionis
491 4143 609 4228 indiga.
655 4144 787 4209 Memor
804 4144 902 4229 igitur
925 4145 1076 4210 Herculis
1092 4157 1126 4213 et
1145 4149 1318 4235 Dejanirae,
1335 4153 1433 4219 Nessi
