3608 4862
230 555 390 625 caprae]
588 557 636 603 na
660 557 772 604 uuora
796 557 1023 604 coarsuros.
1358 537 1398 614 71

198 708 350 776 tercianai
364 707 519 796 capitulo,
533 717 666 796 rogatus
689 720 779 777 esta
802 713 943 798 quodam
966 711 1128 777 monacho
1149 707 1237 774 illius
1257 708 1400 790 claustri,

199 813 256 899 qui
280 811 453 898 gibbosum
474 809 617 876 habebat
630 821 664 876 et
683 823 841 878 retortum
864 837 883 877 a
905 814 1074 880 nativitate
1095 814 1225 900 pedem,
1247 813 1400 898 quatinus

200 915 271 999 ejus
285 915 472 980 interventu
495 937 594 980 sanus
613 915 706 980 lieret
717 941 728 997 3
753 917 810 1002 qui
832 917 955 983 ducens
977 917 1174 982 monachum
1194 937 1352 994 seorsum,
1366 925 1402 980 et

200 1039 277 1083 eum
291 1017 326 1082 in
341 1039 474 1082 scamno
496 1018 608 1082 sedere
622 1018 710 1098 lecit,
732 1028 766 1083 et
788 1019 972 1086 discalciato
995 1041 1034 1084 eo
1049 1039 1158 1083 coram
1172 1017 1245 1104 ipso
1262 1017 1401 1102 genibus

201 1119 314 1186 orabat
327 1119 433 1199 flexis,
447 1119 565 1203 pedem
579 1120 672 1184 illum
687 1121 812 1185 nudum
835 1123 921 1187 inter
942 1144 1059 1188 manus
1073 1120 1208 1185 habens.
1252 1121 1402 1186 Accessit

199 1223 300 1310 igitur
313 1221 467 1308 magister
481 1222 584 1304 Serlo,
599 1245 773 1310 auremque
787 1246 956 1310 apponens
974 1225 1099 1290 audivit
1114 1223 1282 1289 dominum
1298 1223 1405 1288 arohi-

202 1326 402 1412 episcopum,
418 1347 493 1390 cum
517 1325 610 1411 quasi
632 1348 806 1412 percussus
822 1351 842 1391 a
862 1329 1022 1394 monacho
1042 1328 1209 1406 resilisset,
1224 1336 1258 1392 et
1271 1348 1404 1412 respex-

200 1429 282 1494 isset
304 1429 512 1508 monaehum,
533 1429 729 1495 admiranter
750 1431 806 1511 ait,
827 1435 849 1469 “
859 1432 981 1512 Frater,
1004 1431 1121 1496 melius
1144 1439 1196 1496 est
1218 1429 1278 1494 tibi
1297 1451 1402 1496 unum

201 1534 318 1619 pedem
333 1532 509 1598 habentem
530 1533 652 1598 intrare
674 1534 708 1598 in
732 1556 867 1620 regnum
887 1536 1052 1614 coelorum,
1073 1556 1169 1619 quam
1184 1556 1259 1599 oum
1274 1532 1404 1600 duobus

201 1637 237 1701 in
253 1635 446 1702 Gabennam
461 1633 559 1713 mitti,
574 1643 609 1700 et
622 1635 747 1700 dimisit
760 1638 861 1701 eam'’
869 1663 880 1719 ;
895 1648 1018 1703 etcum
1038 1637 1072 1702 iu
1089 1637 1257 1702 Serlonem
1271 1656 1405 1722 respex-

202 1740 293 1818 isset,
303 1739 360 1818 ait,
375 1739 518 1802 “Frater
532 1737 635 1818 Seno,
651 1739 679 1803 ai
694 1761 746 1804 me
756 1741 922 1806 Dominus
936 1741 979 1808 ad
992 1743 1099 1806 fratris
1113 1741 1212 1827 hujus
1224 1762 1335 1805 curam
1346 1739 1404 1803 ad·

204 1842 357 1920 misisset,
371 1840 481 1925 ipsum
496 1841 692 1906 amisisset?
740 1841 839 1909 Quod
854 1844 985 1930 quidam
1000 1845 1103 1930 magis
1116 1843 1318 1930 impotentia
1333 1844 1404 1929 ejus

205 1967 302 2031 quam
316 1943 529 2028 praescientia
544 1944 716 2030 deputans,
731 1945 790 2010 sed
804 1955 842 2010 ut
862 1945 1015 2030 probaret
1029 1947 1118 2033 quod
1138 1946 1238 2011 fiebat
1253 1945 1407 2011 Cisterei-

205 2047 276 2112 ensi
301 2045 410 2111 abbati
437 2045 548 2110 omnia
571 2046 708 2126 rettulit,
734 2046 894 2112 instanter
918 2057 1034 2132 petens
1067 2047 1219 2133 quatinus
1245 2049 1406 2114 monacho

206 2171 353 2215 seorsum
361 2158 477 2213 vocato
483 2147 613 2234 juberet
624 2170 699 2213 eum
711 2148 820 2213 omnia
831 2149 935 2213 lateri.
980 2148 1047 2216 Qui
1058 2149 1183 2233 jussus,
1194 2148 1249 2224 ait,
1266 2153 1288 2186 “
1299 2149 1406 2228 Pater,

206 2275 281 2319 eum
295 2273 470 2337 generosus
490 2261 526 2317 et
539 2252 764 2336 pulcherrimae
777 2252 938 2337 prosapie
955 2252 1027 2330 fuir,
1050 2251 1164 2316 videns
1184 2273 1237 2315 me
1251 2251 1307 2316 illo
1321 2251 1406 2335 pede

206 2355 352 2442 cognatis
367 2354 448 2420 meis
471 2355 661 2421 dissimilem
675 2365 709 2420 et
728 2377 831 2441 usque
853 2356 895 2420 ad
913 2355 1053 2421 ludibria
1067 2355 1256 2435 deformem,
1270 2376 1330 2440 pro
1345 2376 1408 2440 pu·

207 2460 286 2524 dore
307 2457 498 2544 abjectionis
520 2458 586 2522 huc
612 2479 665 2522 me
680 2457 852 2537 destinavi,
872 2481 960 2524 nunc
974 2468 1084 2523 autem
1099 2479 1174 2522 cum
1185 2459 1303 2543 pedem
1313 2457 1406 2522 illum

209 2560 361 2627 dominus
376 2560 493 2625 Petrus
518 2561 554 2624 in
578 2559 729 2624 manibus
755 2559 966 2640 consevisset,
990 2558 1161 2624 videbatur
1184 2559 1264 2624 mihi
1288 2560 1408 2625 sentire

209 2665 322 2730 salutis
345 2664 533 2743 adventum,
558 2662 726 2749 omnaque
749 2662 901 2750 primitiis
926 2662 1107 2750 cogitabam
1138 2663 1216 2728 illue
1240 2663 1409 2728 lectissime

208 2766 326 2834 reverti
340 2767 427 2832 unde
438 2789 499 2853 pro
513 2768 639 2854 pudore
654 2767 756 2832 tristis
772 2765 889 2834 exivi.''

529 2973 662 3040 Itemde
675 2977 781 3040 eodem
796 2973 883 3041 deolo
897 2976 1010 3042 Petro.
1052 2998 1085 3040 v.

254 3093 353 3158 Aliud
364 3093 462 3158 etiam
473 3093 554 3158 mihi
568 3093 758 3160 miraculum
769 3095 878 3180 ipsum
889 3095 924 3159 in
939 3095 1078 3160 crastina
1087 3095 1202 3160 iecisse
1216 3095 1303 3161 idem
1319 3095 1412 3164 Serlo

211 3197 364 3262 narravit.
424 3197 615 3262 Sermonem
644 3196 782 3262 faciebat
803 3198 900 3282 jussu
930 3197 1158 3263 cisterciensis
1184 3199 1226 3263 ad
1250 3198 1410 3284 populum

213 3299 377 3384 dompnus
393 3298 520 3378 Petrus,
535 3321 632 3384 quem
646 3297 886 3383 interrumpens
908 3299 1024 3364 mulier
1038 3300 1186 3384 quaedam
1201 3321 1277 3363 cum
1292 3321 1410 3384 magno

213 3400 336 3487 ejulatu
360 3400 535 3485 plangebat
552 3400 615 3465 sibi
639 3399 772 3464 bursam
793 3399 918 3464 domini
944 3401 1090 3465 recisam.
1135 3400 1288 3466 Indicens
1313 3399 1414 3485 igitur

213 3503 475 3588 archiepiscopus
501 3502 654 3568 omnibus
677 3503 853 3583 silentium,
875 3503 987 3567 multis
1007 3502 1159 3587 precibus
1178 3503 1261 3566 lusis
1284 3513 1324 3566 ut
1345 3524 1415 3566 res-

212 3607 387 3671 titueretur
401 3603 579 3669 lacrimosae
598 3605 768 3690 peccatrici
788 3605 877 3689 quod
898 3603 1083 3688 perdiderat
1097 3602 1224 3688 petivit,
1250 3611 1284 3666 et
1297 3603 1414 3667 ridens

212 3708 420 3772 hortamenta
434 3704 556 3784 delusa,
570 3706 703 3770 tandem
719 3704 782 3784 ait,
797 3708 820 3741 “
831 3705 992 3789 Magnum
1013 3703 1106 3767 illum
1130 3724 1205 3768 cum
1225 3704 1322 3769 mitra
1338 3727 1415 3770 can-

214 3808 291 3873 dida
306 3805 435 3886 sumite,
449 3827 666 3892 nummosque
681 3805 742 3870 sub
757 3805 873 3870 ascella
887 3806 957 3889 ejus
969 3805 1130 3870 sinistra.''
1176 3805 1323 3891 Sumptis
1338 3828 1414 3893 ergo

214 3920 253 3975 ut
266 3929 363 3975 verus
377 3908 539 3994 propbeta
557 3908 701 3994 jusserat
714 3907 768 3972 ille
783 3916 817 3972 et
836 3906 982 3987 redditis,
998 3906 1148 3992 quaesivit
1167 3908 1319 3974 dominus
1333 3909 1414 3974 furis

199 4011 259 4078 'ab
285 4010 528 4096 archiepiscopo
552 4010 642 4097 quod
666 4010 707 4075 de
731 4011 801 4075 lure
824 4009 895 4074 fieri
919 4009 1038 4090 vellet3
1061 4010 1114 4075 cui
1139 4011 1221 4099 ipse,
1247 4013 1416 4094 “Sinite,''

216 4115 335 4204 inquit,
363 4119 386 4153 “
394 4135 471 4180 eum
485 4113 586 4196 abire,
600 4114 677 4202 quia
690 4113 808 4201 corripi
822 4121 944 4202 potest,
958 4113 1071 4202 corrigi
1088 4125 1197 4183 autem
1212 4139 1280 4184 non
1294 4117 1416 4184 nunc.’'
