3650 4852
275 525 388 590 capa]
644 528 690 572 nn
715 529 826 576 suere
851 529 1076 580 cusrsnrusr.
1439 525 1460 584 9

257 683 343 742 artes
359 675 536 756 addiscere,
551 699 627 744 narn
643 687 677 746 et
693 680 770 747 inde
784 681 932 749 liberales
948 685 1108 752 dicuntur.
1154 689 1247 756 Servi
1261 711 1350 770 vero,
1376 711 1459 775 quos

256 801 411 844 vocamus
426 780 596 860 menaea*
618 805 696 848 snos
711 784 945 870 ignominiosos
960 797 994 854 et
1008 789 1182 876 degeneres
1208 793 1242 857 in
1267 791 1391 857 artibus
1410 791 1458 858 eis

255 881 409 948 indebitis
449 883 591 949 enutrire
630 886 844 968 contendunt,
877 911 945 954 non
974 901 1012 955 nt
1033 903 1149 958 exeant
1173 917 1193 959 a
1215 895 1314 974 vitiis,
1339 895 1397 960 sed
1419 905 1458 962 ut

255 987 424 1052 abundant
448 986 580 1066 diuitiis,
604 988 660 1074 qui
683 999 804 1074 quanto
829 990 915 1056 fiunt
936 993 1106 1079 peritiores
1135 1007 1227 1063 tanto
1250 996 1457 1082 perniciores.

255 1089 352 1154 Artes
366 1089 453 1155 enim
468 1089 565 1174 gladii
580 1100 657 1155 sunt
681 1101 866 1178 potentum,
889 1096 944 1181 qui
969 1119 1030 1183 pro
1055 1100 1162 1164 modis
1187 1102 1348 1168 utentium
1372 1101 1456 1166 vari·

254 1201 359 1257 antur.
403 1193 491 1257 Nam
513 1191 549 1256 in
573 1215 672 1258 manu
696 1195 828 1281 benigni
851 1198 1006 1285 principis
1031 1202 1156 1286 pacifici
1185 1213 1273 1284 aunt,
1296 1205 1330 1268 in
1355 1225 1455 1269 manu

252 1295 383 1382 tyranni
391 1294 558 1360 mortiferi.
575 1296 869 1364 Redimuntsuoaa
880 1302 1020 1368 dominis
1030 1306 1124 1384 servi,
1134 1306 1293 1392 cupiditas
1302 1307 1455 1392 utrinque

250 1399 369 1463 militat
397 1408 431 1463 et
454 1397 566 1476 vineit,
592 1421 666 1464 oum
688 1400 821 1467 libertas
845 1403 1002 1470 libertatis
1028 1407 1187 1472 addicitur
1211 1408 1309 1473 hosti.
1354 1409 1454 1476 Quod

252 1499 423 1587 singularis
436 1501 490 1565 ille
504 1501 729 1580 versificator†
743 1504 790 1568 ait
803 1507 954 1592 praeclare
968 1510 1190 1591 manifestans,
1205 1511 1262 1576 ubi
1277 1512 1366 1592 dicit,

510 1627 629 1692 Asperius
640 1629 1155 1699 nibilsstbumili,eumsurgltinaltum,

249 1733 283 1789 et
297 1733 423 1806 caetera,
437 1733 472 1791 et
481 1723 586 1810 juxta,

677 1853 789 1889 ——nec
799 1839 872 1890 belus
882 1842 969 1892 tetrior
978 1843 1038 1902 ulls.

509 1917 591 1970 Quam
601 1917 666 1966 serri
675 1917 756 1968 rabies
766 1919 793 1969 in
804 1921 880 1970 libera
890 1927 959 1987 terga
967 1924 1080 1974 iurantis.

249 2004 308 2070 Vir
321 2005 375 2070 ille
389 2003 563 2090 praedictus
577 2005 661 2070 bane
675 2007 868 2093 approbavit
888 2013 1126 2079 sententiolam.
1171 2013 1319 2100 Contigit
1341 2023 1449 2080 autern

249 2130 353 2194 nuper
367 2107 455 2193 quod
469 2106 569 2172 abbas
585 2106 716 2192 quidam
731 2131 766 2175 se
780 2113 920 2178 contulit
937 2135 977 2178 ex
998 2116 1062 2180 hiis
1081 2117 1223 2198 justiciis
1241 2139 1345 2181 unum
1368 2115 1449 2195 fieri,

248 2212 416 2297 coegitque
430 2211 590 2276 crudelius
607 2210 737 2296 spoliari
757 2236 915 2301 pauperes
931 2239 1028 2303 quam
1043 2218 1157 2304 aliquis
1171 2219 1336 2297 laicorum,
1365 2219 1449 2282 forte

248 2335 381 2400 sperans
396 2311 576 2398 episcopari
590 2334 648 2398 per
662 2313 813 2400 adeptam
828 2339 868 2383 err
882 2319 995 2403 praeda
1008 2321 1155 2406 gratiam,
1170 2321 1222 2384 cui
1237 2331 1313 2406 post
1327 2341 1448 2404 paucos

247 2417 316 2482 dies
332 2415 467 2482 obvians
481 2415 574 2494 ultio,
589 2416 703 2482 dentes
718 2419 867 2504 proprios
881 2421 916 2484 in
937 2443 972 2487 se
997 2421 1073 2486 iecit
1094 2421 1269 2487 immittere
1295 2421 1448 2486 corrosis-

246 2541 309 2606 que
337 2517 442 2604 perire
470 2517 632 2583 manibus.
676 2517 741 2582 Sed
770 2517 837 2582 vidi
859 2519 1002 2584 cornices
1031 2521 1214 2606 appendere
1243 2521 1328 2586 datis
1353 2529 1446 2586 terra

248 2620 438 2701 seminibus,
453 2620 607 2706 quatinus
627 2621 698 2686 aliae
712 2619 861 2686 videntes
876 2642 1036 2706 appensas
1061 2623 1198 2688 timeant
1220 2633 1254 2688 et
1278 2622 1384 2688 ritant
1407 2631 1447 2687 ut

245 2725 309 2790 ille
331 2722 411 2804 fieri,
432 2723 611 2807 vitantque.
655 2723 888 2788 Verumtamen
910 2746 992 2809 quos
1014 2727 1198 2806 Dorninus‡
1222 2725 1335 2790 mundi
1359 2724 1444 2790 filios

244 2837 349 2907 vocat,
358 2835 392 2892 et
405 2825 631 2911 prudentiores
643 2827 717 2892 filiis
728 2827 810 2892 lucis
824 2827 950 2906 asserit,
960 2828 1178 2893 determinans
1189 2827 1222 2890 in
1237 2825 1444 2912 generatione

244 2953 314 3012 sua,
328 2953 396 2996 non
411 2937 573 2995 terrentur
586 2950 647 2995 nec
662 2938 813 2996 metuunt
826 2940 866 2996 ut
879 2929 978 2994 abbas
993 2929 1073 3008 fieri,
1100 2951 1174 2994 cum
1197 2929 1260 3013 ipsi
1279 2927 1314 2991 in
1339 2927 1442 2991 oeulis

240 3029 383 3096 habeant
397 3029 476 3096 alios
491 3053 588 3118 quam
611 3033 694 3099 duos
718 3041 885 3119 magnates
910 3054 992 3118 quos
1017 3031 1105 3096 idem
1134 3029 1286 3096 circuitus
1311 3027 1441 3114 paralisi

242 3154 415 3216 percussos
429 3133 463 3197 in
479 3133 619 3219 grabatis
633 3135 771 3220 graviter
785 3141 929 3201 enervat.

271 3317 286 3348 ⁸
302 3315 373 3375 This,
385 3317 445 3366 with
458 3318 523 3368 what
534 3318 672 3378 sollennia
689 3334 704 3368 s
721 3320 821 3371 curione
854 3318 892 3368 M.
907 3319 1006 3376 Guisot.
1019 3318 1131 3368 Histoire
1142 3319 1173 3368 de
1188 3319 1212 3367 la
1230 3317 1387 3367 Civilitation
1406 3331 1437 3366 en

238 3396 388 3446 illustran‘on
405 3398 434 3447 oi
450 3399 492 3448 the
510 3400 637 3448 condition
654 3400 683 3449 oi
701 3401 744 3450 tbe
760 3416 819 3465 pes-
854 3399 956 3458 hence.
969 3405 1031 3450 tom.
1044 3401 1077 3450 ir.
1096 3401 1168 3463 leeon
1182 3400 1251 3456 viii.;
1270 3399 1317 3448 sud
1337 3399 1380 3447 the
1391 3398 1436 3448 ln-

238 3483 315 3537 ssnts,
328 3493 357 3527 or
373 3479 471 3538 viiluna,
489 3481 518 3528 in
537 3479 653 3542 England
671 3480 759 3545 during
776 3483 819 3532 the
852 3481 1031 3530 traductioutc
1042 3482 1085 3531 the
1097 3481 1242 3542 chartulary
1261 3481 1290 3528 oi
1308 3479 1343 3527 St
1363 3479 1437 3527 Peter

237 3560 333 3610 trrelith
355 3565 466 3622 century.
500 3561 590 3624 Mapes
610 3562 695 3612 ahares
722 3565 749 3612 in
775 3564 819 3612 the
850 3561 879 3609 or
888 3561 1014 3621 chartres,
1026 3562 1059 3624 by
1070 3563 1108 3610 M.
1122 3559 1243 3610 Gutrard.
1272 3559 1434 3622 'i'bepesssga

236 3640 401 3706 prejudioeoi
420 3640 463 3689 the
485 3641 568 3690 leudal
589 3657 633 3706 age
651 3644 747 3706 against
767 3643 818 3692 this
851 3642 880 3691 oi
887 3643 982 3690 Walter
992 3642 1082 3705 Mspes
1093 3642 1173 3691 shows
1185 3641 1239 3688 that
1246 3641 1288 3688 the
1297 3645 1360 3689 term
1368 3639 1433 3688 snei

236 3719 371 3788 oppressed
383 3720 445 3770 class
456 3721 485 3770 oi
493 3722 595 3785 society.
630 3723 720 3772 Onthe
730 3723 817 3772 villane
849 3737 899 3771 was
911 3736 1077 3784 synonymona
1088 3721 1147 3769 nith
1157 3722 1254 3769 sillani.

236 3805 262 3853 in
275 3802 399 3866 England‚
411 3817 452 3852 see
463 3818 505 3866 my
515 3817 593 3866 paper
603 3818 636 3852 on
646 3805 688 3852 the
706 3803 817 3868 politica!
881 3803 898 3864 †
916 3801 1044 3850 claudian.
1057 3801 1083 3849 in
1095 3801 1201 3864 Eutrop.
1213 3802 1231 3849 i.
1246 3803 1301 3862 181,
1316 3803 1371 3851 18³.

236 3885 366 3934 condition
376 3883 405 3933 oi
413 3884 455 3934 tlre
466 3883 570 3946 English
580 3889 711 3949 peasmtry
729 3885 818 3948 during
883 3883 898 3943 ‡
916 3883 977 3932 Luc.
994 3882 1027 3931 ri.
1041 3885 1066 3930 8.
1100 3885 1119 3911 “
1129 3883 1164 3931 Et
1182 3883 1291 3932 laudarit
1309 3883 1431 3934 Dominus

236 3966 279 4016 tire
290 3966 382 4015 middle
392 3981 457 4028 ages,
470 3965 551 4014 intha
568 3966 746 4030 &theologia
765 3967 816 4016 rol.
849 3967 958 4016 villicum
984 3964 1131 4028 iniquitatis,
1159 3965 1218 4028 quia
1244 3964 1378 4028 prudenter
1396 3967 1432 4016 ie-

235 4063 292 4097 m.
304 4064 347 4112 pp.
361 4048 500 4096 sot-ast.
535 4047 577 4096 0n
588 4047 631 4096 the
647 4049 774 4099 condition
791 4049 821 4099 of
849 4047 940 4096 cusat:
959 4047 1016 4110 quia
1027 4045 1072 4093 filii
1083 4046 1156 4109 hujus
1166 4045 1250 4095 saculi
1258 4047 1431 4109 prudentiores

234 4130 277 4178 the
288 4129 445 4192 agricultural
456 4130 600 4194 population
617 4131 644 4180 in
662 4130 756 4184 Franee
776 4146 817 4182 see
849 4129 1014 4180 tiliisiucisin
1026 4129 1337 4192 generationesuasunt.”

279 4247 391 4292 cauo.
409 4247 482 4294 soc.
1281 4243 1300 4285 0
