<?xml version="1.0" encoding="UTF-8"?>
<!DOCTYPE html PUBLIC "-//W3C//DTD XHTML 1.0 Transitional//EN"
    "http://www.w3.org/TR/xhtml1/DTD/xhtml1-transitional.dtd">
<html xmlns="http://www.w3.org/1999/xhtml" xml:lang="en" lang="en">
 <head>
  <title>
</title>
<meta http-equiv="Content-Type" content="text/html;charset=utf-8" />
  <meta name='ocr-system' content='tesseract 3.04.00' />
  <meta name='ocr-capabilities' content='ocr_page ocr_carea ocr_par ocr_line ocrx_word'/>
</head>
<body>
  <div class='ocr_page' id='page_1' title='image "./gualterimapesde00mapgoog/gualterimapesde00mapgoog_0138.png"; bbox 0 0 3608 4862; ppageno 0'>
   <div class='ocr_carea' id='block_1_1' title="bbox 241 539 1424 620">
    <p class='ocr_par' dir='ltr' id='par_1_1' title="bbox 241 539 1424 620">
     <span class='ocr_line' id='line_1_1' title="bbox 241 539 1424 620; baseline -0.003 -15"><span class='ocrx_word' id='word_1_1' title='bbox 241 555 355 620; x_wconf 64' lang='lat' dir='ltr'><strong>Capu]</strong></span> <span class='ocrx_word' id='word_1_2' title='bbox 600 557 649 602; x_wconf 79' lang='lat' dir='ltr'><strong>us</strong></span> <span class='ocrx_word' id='word_1_3' title='bbox 672 555 784 602; x_wconf 78' lang='lat' dir='ltr'><strong>uuors</strong></span> <span class='ocrx_word' id='word_1_4' title='bbox 807 555 1033 604; x_wconf 79' lang='lat' dir='ltr'><strong>ouaraururr.</strong></span> <span class='ocrx_word' id='word_1_5' title='bbox 1361 539 1424 616; x_wconf 80' lang='lat'><strong>117</strong></span> 
     </span>
    </p>
   </div>
   <div class='ocr_carea' id='block_1_2' title="bbox 205 703 1424 4185">
    <p class='ocr_par' dir='ltr' id='par_1_2' title="bbox 205 703 1424 4185">
     <span class='ocr_line' id='line_1_2' title="bbox 225 703 1424 796; baseline 0.006 -26"><span class='ocrx_word' id='word_1_6' title='bbox 225 703 324 771; x_wconf 91' lang='lat' dir='ltr'><strong>Nunc</strong></span> <span class='ocrx_word' id='word_1_7' title='bbox 351 714 474 787; x_wconf 89' lang='lat' dir='ltr'><strong>autem,</strong></span> <span class='ocrx_word' id='word_1_8' title='bbox 498 706 621 794; x_wconf 88' lang='lat' dir='ltr'><strong>optime</strong></span> <span class='ocrx_word' id='word_1_9' title='bbox 645 729 713 789; x_wconf 85' lang='lat' dir='ltr'><strong>rex,</strong></span> <span class='ocrx_word' id='word_1_10' title='bbox 736 708 849 775; x_wconf 88' lang='lat' dir='ltr'><strong>obtine</strong></span> <span class='ocrx_word' id='word_1_11' title='bbox 871 708 1000 776; x_wconf 83' lang='lat' dir='ltr'><strong>veniam</strong></span> <span class='ocrx_word' id='word_1_12' title='bbox 1028 705 1178 796; x_wconf 78' lang='lat' dir='ltr'><strong>probosoe</strong></span> <span class='ocrx_word' id='word_1_13' title='bbox 1206 705 1345 774; x_wconf 88' lang='lat' dir='ltr'><strong>nimium</strong></span> <span class='ocrx_word' id='word_1_14' title='bbox 1374 731 1424 777; x_wconf 73' lang='lat' dir='ltr'><strong>se·</strong></span> 
     </span>
     <span class='ocr_line' id='line_1_3' title="bbox 224 808 1424 899; baseline 0.004 -26"><span class='ocrx_word' id='word_1_15' title='bbox 224 808 363 893; x_wconf 55' lang='lat' dir='ltr'><strong>quelle?</strong></span> <span class='ocrx_word' id='word_1_16' title='bbox 405 809 492 874; x_wconf 79' lang='lat' dir='ltr'><strong>&#39;lum</strong></span> <span class='ocrx_word' id='word_1_17' title='bbox 505 808 570 886; x_wconf 84' lang='lat' dir='ltr'><strong>illa,</strong></span> <span class='ocrx_word' id='word_1_18' title='bbox 586 813 608 847; x_wconf 87' lang='lat'>“</span> <span class='ocrx_word' id='word_1_19' title='bbox 620 809 716 875; x_wconf 85' lang='lat' dir='ltr'><strong>Certe</strong></span> <span class='ocrx_word' id='word_1_20' title='bbox 730 811 869 897; x_wconf 75' lang='lat' dir='ltr'><strong>gigantis</strong></span> <span class='ocrx_word' id='word_1_21' title='bbox 879 811 933 876; x_wconf 88' lang='lat' dir='ltr'><strong>illa</strong></span> <span class='ocrx_word' id='word_1_22' title='bbox 946 811 1064 899; x_wconf 81' lang='lat' dir='ltr'><strong>puella,</strong></span> <span class='ocrx_word' id='word_1_23' title='bbox 1080 811 1132 877; x_wconf 93' lang='lat' dir='ltr'><strong>cui</strong></span> <span class='ocrx_word' id='word_1_24' title='bbox 1147 811 1289 876; x_wconf 77' lang='lat' dir='ltr'>detrahis</span> <span class='ocrx_word' id='word_1_25' title='bbox 1301 810 1377 897; x_wconf 88' lang='lat' dir='ltr'><strong>quia</strong></span> <span class='ocrx_word' id='word_1_26' title='bbox 1391 823 1424 878; x_wconf 91' lang='lat' dir='ltr'><strong>te</strong></span> 
     </span>
     <span class='ocr_line' id='line_1_4' title="bbox 224 911 1423 996; baseline 0.003 -20"><span class='ocrx_word' id='word_1_27' title='bbox 224 933 292 976; x_wconf 90' lang='lat' dir='ltr'><strong>non</strong></span> <span class='ocrx_word' id='word_1_28' title='bbox 306 911 449 992; x_wconf 74' lang='lat' dir='ltr'><strong>attraxit,</strong></span> <span class='ocrx_word' id='word_1_29' title='bbox 463 911 563 977; x_wconf 89' lang='lat' dir='ltr'><strong>animi</strong></span> <span class='ocrx_word' id='word_1_30' title='bbox 577 913 756 980; x_wconf 80' lang='lat' dir='ltr'><strong>constantis</strong></span> <span class='ocrx_word' id='word_1_31' title='bbox 771 923 823 980; x_wconf 91' lang='lat' dir='ltr'><strong>est</strong></span> <span class='ocrx_word' id='word_1_32' title='bbox 840 923 876 980; x_wconf 92' lang='lat' dir='ltr'><strong>et</strong></span> <span class='ocrx_word' id='word_1_33' title='bbox 897 915 993 996; x_wconf 86' lang='lat' dir='ltr'><strong>firmi,</strong></span> <span class='ocrx_word' id='word_1_34' title='bbox 1014 914 1183 980; x_wconf 84' lang='lat' dir='ltr'><strong>laudabilis</strong></span> <span class='ocrx_word' id='word_1_35' title='bbox 1197 913 1295 978; x_wconf 85' lang='lat' dir='ltr'><strong>etiam</strong></span> <span class='ocrx_word' id='word_1_36' title='bbox 1315 915 1349 978; x_wconf 91' lang='lat' dir='ltr'><strong>in</strong></span> <span class='ocrx_word' id='word_1_37' title='bbox 1371 914 1423 980; x_wconf 87' lang='lat' dir='ltr'><strong>his</strong></span> 
     </span>
     <span class='ocr_line' id='line_1_5' title="bbox 223 1014 1424 1099; baseline 0.003 -21"><span class='ocrx_word' id='word_1_38' title='bbox 223 1035 296 1099; x_wconf 77' lang='lat' dir='ltr'><strong>quae</strong></span> <span class='ocrx_word' id='word_1_39' title='bbox 319 1023 357 1078; x_wconf 91' lang='lat' dir='ltr'><strong>tu</strong></span> <span class='ocrx_word' id='word_1_40' title='bbox 370 1014 555 1099; x_wconf 80' lang='lat' dir='ltr'><strong>vituperas3</strong></span> <span class='ocrx_word' id='word_1_41' title='bbox 577 1014 635 1078; x_wconf 91' lang='lat' dir='ltr'><strong>sed</strong></span> <span class='ocrx_word' id='word_1_42' title='bbox 658 1023 735 1080; x_wconf 84' lang='lat' dir='ltr'><strong>tuus</strong></span> <span class='ocrx_word' id='word_1_43' title='bbox 760 1015 814 1081; x_wconf 92' lang='lat' dir='ltr'><strong>hic</strong></span> <span class='ocrx_word' id='word_1_44' title='bbox 838 1032 890 1082; x_wconf 90' lang='lat' dir='ltr'><strong>est</strong></span> <span class='ocrx_word' id='word_1_45' title='bbox 914 1039 998 1097; x_wconf 89' lang='lat' dir='ltr'><strong>mos,</strong></span> <span class='ocrx_word' id='word_1_46' title='bbox 1020 1016 1122 1082; x_wconf 89' lang='lat' dir='ltr'><strong>immo</strong></span> <span class='ocrx_word' id='word_1_47' title='bbox 1146 1015 1274 1082; x_wconf 83' lang='lat' dir='ltr'><strong>vitium.</strong></span> <span class='ocrx_word' id='word_1_48' title='bbox 1318 1016 1424 1082; x_wconf 92' lang='lat' dir='ltr'><strong>Modo</strong></span> 
     </span>
     <span class='ocr_line' id='line_1_6' title="bbox 224 1115 1424 1205; baseline 0.005 -25"><span class='ocrx_word' id='word_1_49' title='bbox 224 1116 315 1194; x_wconf 87' lang='lat' dir='ltr'><strong>fleas,</strong></span> <span class='ocrx_word' id='word_1_50' title='bbox 329 1125 503 1201; x_wconf 85' lang='lat' dir='ltr'><strong>erumpant</strong></span> <span class='ocrx_word' id='word_1_51' title='bbox 516 1115 668 1197; x_wconf 71' lang='lat' dir='ltr'><strong>lacrimae,</strong></span> <span class='ocrx_word' id='word_1_52' title='bbox 690 1138 743 1182; x_wconf 90' lang='lat' dir='ltr'><strong>me</strong></span> <span class='ocrx_word' id='word_1_53' title='bbox 763 1139 836 1203; x_wconf 81' lang='lat' dir='ltr'><strong>quae</strong></span> <span class='ocrx_word' id='word_1_54' title='bbox 854 1140 922 1183; x_wconf 91' lang='lat' dir='ltr'><strong>non</strong></span> <span class='ocrx_word' id='word_1_55' title='bbox 940 1141 1013 1184; x_wconf 88' lang='lat' dir='ltr'><strong>sum</strong></span> <span class='ocrx_word' id='word_1_56' title='bbox 1033 1119 1123 1205; x_wconf 90' lang='lat' dir='ltr'><strong>gigas</strong></span> <span class='ocrx_word' id='word_1_57' title='bbox 1140 1129 1289 1200; x_wconf 80' lang='lat' dir='ltr'><strong>motura,</strong></span> <span class='ocrx_word' id='word_1_58' title='bbox 1302 1121 1355 1186; x_wconf 83' lang='lat' dir='ltr'><strong>vel</strong></span> <span class='ocrx_word' id='word_1_59' title='bbox 1368 1120 1424 1186; x_wconf 86' lang='lat' dir='ltr'><strong>illa</strong></span> 
     </span>
     <span class='ocr_line' id='line_1_7' title="bbox 222 1219 1422 1309; baseline 0.006 -26"><span class='ocrx_word' id='word_1_60' title='bbox 222 1219 342 1299; x_wconf 82' lang='lat' dir='ltr'><strong>veniat,</strong></span> <span class='ocrx_word' id='word_1_61' title='bbox 368 1229 425 1284; x_wconf 88' lang='lat' dir='ltr'><strong>tua</strong></span> <span class='ocrx_word' id='word_1_62' title='bbox 448 1220 530 1298; x_wconf 85' lang='lat' dir='ltr'><strong>laus,</strong></span> <span class='ocrx_word' id='word_1_63' title='bbox 553 1229 630 1284; x_wconf 90' lang='lat' dir='ltr'><strong>tuus</strong></span> <span class='ocrx_word' id='word_1_64' title='bbox 655 1241 757 1299; x_wconf 90' lang='lat' dir='ltr'><strong>amor,</strong></span> <span class='ocrx_word' id='word_1_65' title='bbox 782 1243 855 1306; x_wconf 80' lang='lat' dir='ltr'><strong>qum</strong></span> <span class='ocrx_word' id='word_1_66' title='bbox 873 1222 1036 1308; x_wconf 73' lang='lat' dir='ltr'><strong>gigantem</strong></span> <span class='ocrx_word' id='word_1_67' title='bbox 1060 1223 1149 1302; x_wconf 83' lang='lat' dir='ltr'><strong>vicit,</strong></span> <span class='ocrx_word' id='word_1_68' title='bbox 1168 1224 1261 1309; x_wconf 89' lang='lat' dir='ltr'><strong>cujus</strong></span> <span class='ocrx_word' id='word_1_69' title='bbox 1282 1223 1422 1290; x_wconf 74' lang='lat' dir='ltr'><strong>lacrimis</strong></span> 
     </span>
     <span class='ocr_line' id='line_1_8' title="bbox 222 1323 1422 1412; baseline 0.005 -26"><span class='ocrx_word' id='word_1_70' title='bbox 222 1323 344 1386; x_wconf 91' lang='lat' dir='ltr'><strong>mortui</strong></span> <span class='ocrx_word' id='word_1_71' title='bbox 357 1333 542 1409; x_wconf 82' lang='lat' dir='ltr'><strong>resurgunt,</strong></span> <span class='ocrx_word' id='word_1_72' title='bbox 555 1323 613 1388; x_wconf 79' lang='lat' dir='ltr'><strong>irae</strong></span> <span class='ocrx_word' id='word_1_73' title='bbox 626 1324 795 1409; x_wconf 80' lang='lat' dir='ltr'><strong>placantur</strong></span> <span class='ocrx_word' id='word_1_74' title='bbox 805 1325 1001 1392; x_wconf 71' lang='lat' dir='ltr'><strong>damonum.</strong></span> <span class='ocrx_word' id='word_1_75' title='bbox 1045 1326 1078 1391; x_wconf 93' lang='lat'>0</span> <span class='ocrx_word' id='word_1_76' title='bbox 1093 1347 1190 1412; x_wconf 85' lang='lat' dir='ltr'><strong>quam</strong></span> <span class='ocrx_word' id='word_1_77' title='bbox 1204 1327 1289 1392; x_wconf 91' lang='lat' dir='ltr'><strong>bene</strong></span> <span class='ocrx_word' id='word_1_78' title='bbox 1309 1327 1422 1392; x_wconf 86' lang='lat' dir='ltr'><strong>laudas</strong></span> 
     </span>
     <span class='ocr_line' id='line_1_9' title="bbox 222 1425 1423 1515; baseline 0.005 -26"><span class='ocrx_word' id='word_1_79' title='bbox 222 1447 319 1510; x_wconf 86' lang='lat' dir='ltr'><strong>quem</strong></span> <span class='ocrx_word' id='word_1_80' title='bbox 340 1425 463 1506; x_wconf 85' lang='lat' dir='ltr'><strong>laudas,</strong></span> <span class='ocrx_word' id='word_1_81' title='bbox 489 1447 587 1511; x_wconf 85' lang='lat' dir='ltr'><strong>quam</strong></span> <span class='ocrx_word' id='word_1_82' title='bbox 610 1426 692 1492; x_wconf 89' lang='lat' dir='ltr'><strong>bene</strong></span> <span class='ocrx_word' id='word_1_83' title='bbox 713 1427 811 1492; x_wconf 87' lang='lat' dir='ltr'><strong>fletus</strong></span> <span class='ocrx_word' id='word_1_84' title='bbox 831 1427 902 1512; x_wconf 90' lang='lat' dir='ltr'><strong>ejus</strong></span> <span class='ocrx_word' id='word_1_85' title='bbox 919 1436 958 1492; x_wconf 90' lang='lat' dir='ltr'><strong>ut</strong></span> <span class='ocrx_word' id='word_1_86' title='bbox 978 1427 1095 1492; x_wconf 91' lang='lat' dir='ltr'><strong>asseris</strong></span> <span class='ocrx_word' id='word_1_87' title='bbox 1118 1427 1267 1493; x_wconf 89' lang='lat' dir='ltr'><strong>cantibus</strong></span> <span class='ocrx_word' id='word_1_88' title='bbox 1288 1438 1423 1515; x_wconf 77' lang='lat' dir='ltr'><strong>proestat</strong></span> 
     </span>
     <span class='ocr_line' id='line_1_10' title="bbox 223 1527 1420 1615; baseline 0.005 -23"><span class='ocrx_word' id='word_1_89' title='bbox 223 1527 358 1612; x_wconf 83' lang='lat' dir='ltr'><strong>Orphei,</strong></span> <span class='ocrx_word' id='word_1_90' title='bbox 373 1528 429 1613; x_wconf 91' lang='lat' dir='ltr'><strong>qui</strong></span> <span class='ocrx_word' id='word_1_91' title='bbox 443 1549 511 1592; x_wconf 87' lang='lat' dir='ltr'><strong>non</strong></span> <span class='ocrx_word' id='word_1_92' title='bbox 525 1528 589 1592; x_wconf 91' lang='lat' dir='ltr'><strong>nisi</strong></span> <span class='ocrx_word' id='word_1_93' title='bbox 604 1529 665 1592; x_wconf 89' lang='lat' dir='ltr'><strong>sub</strong></span> <span class='ocrx_word' id='word_1_94' title='bbox 675 1528 808 1614; x_wconf 88' lang='lat' dir='ltr'><strong>ancipiti</strong></span> <span class='ocrx_word' id='word_1_95' title='bbox 818 1537 915 1615; x_wconf 84' lang='lat' dir='ltr'><strong>pacto</strong></span> <span class='ocrx_word' id='word_1_96' title='bbox 925 1538 1114 1594; x_wconf 89' lang='lat' dir='ltr'><strong>meruerunt</strong></span> <span class='ocrx_word' id='word_1_97' title='bbox 1124 1529 1311 1595; x_wconf 85' lang='lat' dir='ltr'><strong>Euridicen.</strong></span> <span class='ocrx_word' id='word_1_98' title='bbox 1355 1530 1420 1598; x_wconf 85' lang='lat' dir='ltr'><strong>Sed</strong></span> 
     </span>
     <span class='ocr_line' id='line_1_11' title="bbox 222 1630 1421 1719; baseline 0.005 -25"><span class='ocrx_word' id='word_1_99' title='bbox 222 1630 300 1714; x_wconf 92' lang='lat' dir='ltr'><strong>quid</strong></span> <span class='ocrx_word' id='word_1_100' title='bbox 324 1630 365 1694; x_wconf 86' lang='lat' dir='ltr'><strong>ed</strong></span> <span class='ocrx_word' id='word_1_101' title='bbox 382 1631 441 1696; x_wconf 88' lang='lat' dir='ltr'><strong>has</strong></span> <span class='ocrx_word' id='word_1_102' title='bbox 456 1631 624 1719; x_wconf 82' lang='lat' dir='ltr'><strong>Amphion</strong></span> <span class='ocrx_word' id='word_1_103' title='bbox 641 1631 806 1698; x_wconf 86' lang='lat' dir='ltr'><strong>lacrimas!</strong></span> <span class='ocrx_word' id='word_1_104' title='bbox 831 1633 884 1697; x_wconf 84' lang='lat' dir='ltr'><strong>hoe</strong></span> <span class='ocrx_word' id='word_1_105' title='bbox 903 1633 1059 1698; x_wconf 82' lang='lat' dir='ltr'><strong>iecissent</strong></span> <span class='ocrx_word' id='word_1_106' title='bbox 1082 1633 1243 1698; x_wconf 75' lang='lat' dir='ltr'><strong>&#39;l&#39;heboeos</strong></span> <span class='ocrx_word' id='word_1_107' title='bbox 1263 1633 1332 1698; x_wconf 90' lang='lat' dir='ltr'><strong>sine</strong></span> <span class='ocrx_word' id='word_1_108' title='bbox 1352 1657 1421 1700; x_wconf 87' lang='lat' dir='ltr'><strong>car·</strong></span> 
     </span>
     <span class='ocr_line' id='line_1_12' title="bbox 219 1731 1422 1803; baseline 0.006 -7"><span class='ocrx_word' id='word_1_109' title='bbox 219 1731 308 1797; x_wconf 91' lang='lat' dir='ltr'><strong>mine</strong></span> <span class='ocrx_word' id='word_1_110' title='bbox 336 1755 458 1800; x_wconf 88' lang='lat' dir='ltr'><strong>muros.</strong></span> <span class='ocrx_word' id='word_1_111' title='bbox 516 1734 593 1800; x_wconf 89' lang='lat' dir='ltr'><strong>Toti</strong></span> <span class='ocrx_word' id='word_1_112' title='bbox 621 1735 750 1800; x_wconf 85' lang='lat' dir='ltr'><strong>sudavit</strong></span> <span class='ocrx_word' id='word_1_113' title='bbox 776 1735 899 1801; x_wconf 84' lang='lat' dir='ltr'><strong>utiliter</strong></span> <span class='ocrx_word' id='word_1_114' title='bbox 927 1735 999 1801; x_wconf 87' lang='lat' dir='ltr'><strong>orbi</strong></span> <span class='ocrx_word' id='word_1_115' title='bbox 1029 1743 1250 1801; x_wconf 89' lang='lat' dir='ltr'><strong>monstrorum</strong></span> <span class='ocrx_word' id='word_1_116' title='bbox 1279 1736 1422 1803; x_wconf 86' lang='lat' dir='ltr'><strong>domitor</strong></span> 
     </span>
     <span class='ocr_line' id='line_1_13' title="bbox 221 1837 1420 1923; baseline 0.001 -20"><span class='ocrx_word' id='word_1_117' title='bbox 221 1837 392 1920; x_wconf 87' lang='lat' dir='ltr'><strong>Hercules,</strong></span> <span class='ocrx_word' id='word_1_118' title='bbox 411 1839 482 1906; x_wconf 75' lang='lat' dir='ltr'><strong>huc</strong></span> <span class='ocrx_word' id='word_1_119' title='bbox 495 1849 604 1906; x_wconf 89' lang='lat' dir='ltr'><strong>tamen</strong></span> <span class='ocrx_word' id='word_1_120' title='bbox 621 1840 650 1905; x_wconf 92' lang='lat' dir='ltr'><strong>si</strong></span> <span class='ocrx_word' id='word_1_121' title='bbox 662 1839 820 1905; x_wconf 83' lang='lat' dir='ltr'><strong>voluisset</strong></span> <span class='ocrx_word' id='word_1_122' title='bbox 836 1840 947 1906; x_wconf 86' lang='lat' dir='ltr'><strong>flesset</strong></span> <span class='ocrx_word' id='word_1_123' title='bbox 964 1839 1088 1905; x_wconf 83' lang='lat' dir='ltr'><strong>utilius.</strong></span> <span class='ocrx_word' id='word_1_124' title='bbox 1131 1838 1238 1904; x_wconf 90' lang='lat' dir='ltr'><strong>Modo</strong></span> <span class='ocrx_word' id='word_1_125' title='bbox 1259 1839 1337 1904; x_wconf 88' lang='lat' dir='ltr'><strong>fleat</strong></span> <span class='ocrx_word' id='word_1_126' title='bbox 1354 1840 1420 1923; x_wconf 82' lang='lat' dir='ltr'><strong>illa,</strong></span> 
     </span>
     <span class='ocr_line' id='line_1_14' title="bbox 215 1939 1419 2026; baseline 0.002 -20"><span class='ocrx_word' id='word_1_127' title='bbox 215 1939 331 2026; x_wconf 85' lang='lat' dir='ltr'><strong>jubeat</strong></span> <span class='ocrx_word' id='word_1_128' title='bbox 361 1961 419 2006; x_wconf 85' lang='lat' dir='ltr'><strong>rex</strong></span> <span class='ocrx_word' id='word_1_129' title='bbox 444 1941 651 2007; x_wconf 86' lang='lat' dir='ltr'><strong>clarissimus.</strong></span> <span class='ocrx_word' id='word_1_130' title='bbox 707 1941 773 2006; x_wconf 90' lang='lat' dir='ltr'><strong>Hic</strong></span> <span class='ocrx_word' id='word_1_131' title='bbox 806 1950 896 2007; x_wconf 72' lang='lat' dir='ltr'><strong>oreta</strong></span> <span class='ocrx_word' id='word_1_132' title='bbox 934 1943 1067 2008; x_wconf 64' lang='lat' dir='ltr'><strong>amende</strong></span> <span class='ocrx_word' id='word_1_133' title='bbox 1093 1951 1236 2022; x_wconf 76' lang='lat' dir='ltr'><strong>mustus,</strong></span> <span class='ocrx_word' id='word_1_134' title='bbox 1270 1949 1304 2006; x_wconf 91' lang='lat' dir='ltr'><strong>et</strong></span> <span class='ocrx_word' id='word_1_135' title='bbox 1332 1953 1419 2009; x_wconf 90' lang='lat' dir='ltr'><strong>certe</strong></span> 
     </span>
     <span class='ocr_line' id='line_1_15' title="bbox 218 2043 1419 2131; baseline 0.002 -23"><span class='ocrx_word' id='word_1_136' title='bbox 218 2043 358 2110; x_wconf 86' lang='lat' dir='ltr'><strong>manebo</strong></span> <span class='ocrx_word' id='word_1_137' title='bbox 373 2043 462 2110; x_wconf 81' lang='lat' dir='ltr'><strong>salva</strong></span> <span class='ocrx_word' id='word_1_138' title='bbox 474 2044 559 2131; x_wconf 84' lang='lat' dir='ltr'><strong>regis</strong></span> <span class='ocrx_word' id='word_1_139' title='bbox 569 2053 604 2112; x_wconf 91' lang='lat' dir='ltr'><strong>et</strong></span> <span class='ocrx_word' id='word_1_140' title='bbox 617 2044 918 2110; x_wconf 85' lang='lat' dir='ltr'><strong>eorumreverentia</strong></span> <span class='ocrx_word' id='word_1_141' title='bbox 928 2044 1055 2110; x_wconf 69' lang='lat' dir='ltr'><strong>victrim</strong></span> <span class='ocrx_word' id='word_1_142' title='bbox 1084 2044 1265 2110; x_wconf 79' lang='lat' dir='ltr'><strong>Audiamus</strong></span> <span class='ocrx_word' id='word_1_143' title='bbox 1276 2044 1419 2110; x_wconf 87' lang='lat' dir='ltr'><strong>omnia.&#39;&#39;</strong></span> 
     </span>
     <span class='ocr_line' id='line_1_16' title="bbox 219 2145 1418 2234; baseline 0.001 -22"><span class='ocrx_word' id='word_1_144' title='bbox 219 2146 315 2228; x_wconf 83' lang='lat' dir='ltr'><strong>Galo,</strong></span> <span class='ocrx_word' id='word_1_145' title='bbox 339 2148 540 2213; x_wconf 73' lang='lat' dir='ltr'><strong>“Praciots</strong></span> <span class='ocrx_word' id='word_1_146' title='bbox 563 2147 716 2214; x_wconf 81' lang='lat' dir='ltr'><strong>odibilius</strong></span> <span class='ocrx_word' id='word_1_147' title='bbox 735 2147 884 2228; x_wconf 88' lang='lat' dir='ltr'><strong>audietis,</strong></span> <span class='ocrx_word' id='word_1_148' title='bbox 905 2154 939 2212; x_wconf 91' lang='lat' dir='ltr'><strong>et</strong></span> <span class='ocrx_word' id='word_1_149' title='bbox 961 2149 1066 2233; x_wconf 87' lang='lat' dir='ltr'><strong>majus</strong></span> <span class='ocrx_word' id='word_1_150' title='bbox 1092 2145 1304 2234; x_wconf 88' lang='lat' dir='ltr'><strong>opprobrium</strong></span> <span class='ocrx_word' id='word_1_151' title='bbox 1329 2149 1418 2231; x_wconf 91' lang='lat' dir='ltr'><strong>quod</strong></span> 
     </span>
     <span class='ocr_line' id='line_1_17' title="bbox 217 2249 1418 2337; baseline 0.001 -23"><span class='ocrx_word' id='word_1_152' title='bbox 217 2250 303 2315; x_wconf 84' lang='lat' dir='ltr'><strong>inter</strong></span> <span class='ocrx_word' id='word_1_153' title='bbox 316 2250 440 2316; x_wconf 92' lang='lat' dir='ltr'><strong>domini</strong></span> <span class='ocrx_word' id='word_1_154' title='bbox 454 2250 538 2337; x_wconf 89' lang='lat' dir='ltr'><strong>regis</strong></span> <span class='ocrx_word' id='word_1_155' title='bbox 552 2260 587 2317; x_wconf 93' lang='lat' dir='ltr'><strong>et</strong></span> <span class='ocrx_word' id='word_1_156' title='bbox 600 2250 813 2316; x_wconf 85' lang='lat' dir='ltr'><strong>assidentium</strong></span> <span class='ocrx_word' id='word_1_157' title='bbox 827 2249 858 2315; x_wconf 90' lang='lat' dir='ltr'><strong>ei</strong></span> <span class='ocrx_word' id='word_1_158' title='bbox 872 2271 983 2337; x_wconf 89' lang='lat' dir='ltr'><strong>preces</strong></span> <span class='ocrx_word' id='word_1_159' title='bbox 998 2260 1135 2335; x_wconf 87' lang='lat' dir='ltr'><strong>tuasque</strong></span> <span class='ocrx_word' id='word_1_160' title='bbox 1149 2249 1355 2336; x_wconf 79' lang='lat' dir='ltr'><strong>negationes:</strong></span> <span class='ocrx_word' id='word_1_161' title='bbox 1376 2251 1418 2315; x_wconf 84' lang='lat' dir='ltr'><strong>ad</strong></span> 
     </span>
     <span class='ocr_line' id='line_1_18' title="bbox 216 2352 1418 2440; baseline 0.001 -22"><span class='ocrx_word' id='word_1_162' title='bbox 216 2353 369 2418; x_wconf 85' lang='lat' dir='ltr'><strong>ultimum</strong></span> <span class='ocrx_word' id='word_1_163' title='bbox 379 2352 515 2419; x_wconf 88' lang='lat' dir='ltr'><strong>firmiter</strong></span> <span class='ocrx_word' id='word_1_164' title='bbox 527 2353 563 2418; x_wconf 89' lang='lat' dir='ltr'><strong>in</strong></span> <span class='ocrx_word' id='word_1_165' title='bbox 576 2353 788 2419; x_wconf 83' lang='lat' dir='ltr'><strong>meditatione</strong></span> <span class='ocrx_word' id='word_1_166' title='bbox 802 2353 941 2438; x_wconf 85' lang='lat' dir='ltr'><strong>figebam</strong></span> <span class='ocrx_word' id='word_1_167' title='bbox 955 2375 1009 2418; x_wconf 90' lang='lat' dir='ltr'><strong>me</strong></span> <span class='ocrx_word' id='word_1_168' title='bbox 1021 2353 1073 2419; x_wconf 92' lang='lat' dir='ltr'><strong>die</strong></span> <span class='ocrx_word' id='word_1_169' title='bbox 1088 2361 1223 2434; x_wconf 86' lang='lat' dir='ltr'><strong>statuto,</strong></span> <span class='ocrx_word' id='word_1_170' title='bbox 1237 2373 1343 2439; x_wconf 88' lang='lat' dir='ltr'><strong>neque</strong></span> <span class='ocrx_word' id='word_1_171' title='bbox 1357 2374 1418 2440; x_wconf 88' lang='lat' dir='ltr'><strong>pro</strong></span> 
     </span>
     <span class='ocr_line' id='line_1_19' title="bbox 215 2455 1417 2544; baseline 0.002 -25"><span class='ocrx_word' id='word_1_172' title='bbox 215 2455 424 2540; x_wconf 88' lang='lat' dir='ltr'><strong>fidejussione</strong></span> <span class='ocrx_word' id='word_1_173' title='bbox 449 2478 522 2522; x_wconf 88' lang='lat' dir='ltr'><strong>mea</strong></span> <span class='ocrx_word' id='word_1_174' title='bbox 541 2478 638 2542; x_wconf 90' lang='lat' dir='ltr'><strong>quam</strong></span> <span class='ocrx_word' id='word_1_175' title='bbox 657 2456 778 2522; x_wconf 83' lang='lat' dir='ltr'><strong>lacerae</strong></span> <span class='ocrx_word' id='word_1_176' title='bbox 801 2477 908 2542; x_wconf 89' lang='lat' dir='ltr'><strong>neque</strong></span> <span class='ocrx_word' id='word_1_177' title='bbox 927 2477 988 2544; x_wconf 92' lang='lat' dir='ltr'><strong>pro</strong></span> <span class='ocrx_word' id='word_1_178' title='bbox 1007 2457 1144 2542; x_wconf 87' lang='lat' dir='ltr'><strong>alicujus</strong></span> <span class='ocrx_word' id='word_1_179' title='bbox 1167 2455 1299 2521; x_wconf 88' lang='lat' dir='ltr'><strong>alterius</strong></span> <span class='ocrx_word' id='word_1_180' title='bbox 1323 2478 1417 2522; x_wconf 86' lang='lat' dir='ltr'><strong>casus</strong></span> 
     </span>
     <span class='ocr_line' id='line_1_20' title="bbox 216 2557 1418 2640; baseline 0.002 -18"><span class='ocrx_word' id='word_1_181' title='bbox 216 2557 336 2624; x_wconf 91' lang='lat' dir='ltr'><strong>damno</strong></span> <span class='ocrx_word' id='word_1_182' title='bbox 357 2559 411 2624; x_wconf 85' lang='lat' dir='ltr'><strong>vel</strong></span> <span class='ocrx_word' id='word_1_183' title='bbox 434 2560 536 2640; x_wconf 86' lang='lat' dir='ltr'><strong>lucro,</strong></span> <span class='ocrx_word' id='word_1_184' title='bbox 571 2560 686 2626; x_wconf 89' lang='lat' dir='ltr'><strong>decore</strong></span> <span class='ocrx_word' id='word_1_185' title='bbox 721 2560 774 2625; x_wconf 80' lang='lat' dir='ltr'><strong>vel</strong></span> <span class='ocrx_word' id='word_1_186' title='bbox 797 2560 933 2640; x_wconf 86' lang='lat' dir='ltr'><strong>honore,</strong></span> <span class='ocrx_word' id='word_1_187' title='bbox 958 2559 994 2624; x_wconf 92' lang='lat' dir='ltr'><strong>in</strong></span> <span class='ocrx_word' id='word_1_188' title='bbox 1020 2560 1093 2625; x_wconf 93' lang='lat' dir='ltr'><strong>loco</strong></span> <span class='ocrx_word' id='word_1_189' title='bbox 1117 2557 1279 2624; x_wconf 88' lang='lat' dir='ltr'><strong>destinato</strong></span> <span class='ocrx_word' id='word_1_190' title='bbox 1305 2567 1418 2624; x_wconf 89' lang='lat' dir='ltr'><strong>contra</strong></span> 
     </span>
     <span class='ocr_line' id='line_1_21' title="bbox 214 2659 1416 2747; baseline 0 -21"><span class='ocrx_word' id='word_1_191' title='bbox 214 2660 377 2746; x_wconf 84' lang='lat' dir='ltr'><strong>gigantem</strong></span> <span class='ocrx_word' id='word_1_192' title='bbox 406 2671 566 2728; x_wconf 90' lang='lat' dir='ltr'><strong>armatum</strong></span> <span class='ocrx_word' id='word_1_193' title='bbox 594 2683 655 2728; x_wconf 93' lang='lat' dir='ltr'><strong>nec</strong></span> <span class='ocrx_word' id='word_1_194' title='bbox 690 2661 848 2727; x_wconf 87' lang='lat' dir='ltr'><strong>inermem</strong></span> <span class='ocrx_word' id='word_1_195' title='bbox 879 2661 1113 2747; x_wconf 82' lang='lat' dir='ltr'><strong>appariturum.</strong></span> <span class='ocrx_word' id='word_1_196' title='bbox 1158 2659 1416 2726; x_wconf 78' lang='lat' dir='ltr'><strong>condixeramus</strong></span> 
     </span>
     <span class='ocr_line' id='line_1_22' title="bbox 214 2763 1416 2850; baseline 0.001 -23"><span class='ocrx_word' id='word_1_197' title='bbox 214 2773 325 2828; x_wconf 91' lang='lat' dir='ltr'><strong>tamen</strong></span> <span class='ocrx_word' id='word_1_198' title='bbox 350 2763 412 2830; x_wconf 90' lang='lat' dir='ltr'><strong>suh</strong></span> <span class='ocrx_word' id='word_1_199' title='bbox 433 2766 618 2850; x_wconf 90' lang='lat' dir='ltr'><strong>juramento</strong></span> <span class='ocrx_word' id='word_1_200' title='bbox 642 2763 812 2830; x_wconf 90' lang='lat' dir='ltr'><strong>dominum</strong></span> <span class='ocrx_word' id='word_1_201' title='bbox 841 2773 991 2828; x_wconf 88' lang='lat' dir='ltr'><strong>nostrum</strong></span> <span class='ocrx_word' id='word_1_202' title='bbox 1015 2784 1124 2849; x_wconf 87' lang='lat' dir='ltr'><strong>regem</strong></span> <span class='ocrx_word' id='word_1_203' title='bbox 1149 2771 1184 2828; x_wconf 90' lang='lat' dir='ltr'><strong>et</strong></span> <span class='ocrx_word' id='word_1_204' title='bbox 1202 2763 1311 2849; x_wconf 90' lang='lat' dir='ltr'><strong>ipsum</strong></span> <span class='ocrx_word' id='word_1_205' title='bbox 1340 2784 1416 2828; x_wconf 91' lang='lat' dir='ltr'><strong>cum</strong></span> 
     </span>
     <span class='ocr_line' id='line_1_23' title="bbox 213 2867 1418 2955; baseline -0.002 -22"><span class='ocrx_word' id='word_1_206' title='bbox 213 2867 381 2952; x_wconf 85' lang='lat' dir='ltr'><strong>utriusque</strong></span> <span class='ocrx_word' id='word_1_207' title='bbox 401 2868 503 2955; x_wconf 88' lang='lat' dir='ltr'><strong>partis</strong></span> <span class='ocrx_word' id='word_1_208' title='bbox 526 2867 670 2934; x_wconf 86' lang='lat' dir='ltr'><strong>exercitu</strong></span> <span class='ocrx_word' id='word_1_209' title='bbox 688 2867 817 2955; x_wconf 88' lang='lat' dir='ltr'><strong>plenius</strong></span> <span class='ocrx_word' id='word_1_210' title='bbox 839 2867 1008 2946; x_wconf 76' lang='lat' dir='ltr'><strong>effutrrros,</strong></span> <span class='ocrx_word' id='word_1_211' title='bbox 1024 2867 1112 2952; x_wconf 93' lang='lat' dir='ltr'><strong>quod</strong></span> <span class='ocrx_word' id='word_1_212' title='bbox 1134 2888 1223 2932; x_wconf 89' lang='lat' dir='ltr'><strong>nunc</strong></span> <span class='ocrx_word' id='word_1_213' title='bbox 1237 2887 1305 2930; x_wconf 90' lang='lat' dir='ltr'><strong>non</strong></span> <span class='ocrx_word' id='word_1_214' title='bbox 1319 2887 1418 2952; x_wconf 89' lang='lat' dir='ltr'><strong>opor·</strong></span> 
     </span>
     <span class='ocr_line' id='line_1_24' title="bbox 213 2967 1416 3056; baseline -0.002 -21"><span class='ocrx_word' id='word_1_215' title='bbox 213 2978 273 3049; x_wconf 85' lang='lat' dir='ltr'><strong>tet,</strong></span> <span class='ocrx_word' id='word_1_216' title='bbox 287 2971 362 3056; x_wconf 88' lang='lat' dir='ltr'><strong>quia</strong></span> <span class='ocrx_word' id='word_1_217' title='bbox 376 2993 443 3036; x_wconf 90' lang='lat' dir='ltr'><strong>nou</strong></span> <span class='ocrx_word' id='word_1_218' title='bbox 457 2971 520 3036; x_wconf 91' lang='lat' dir='ltr'><strong>erit</strong></span> <span class='ocrx_word' id='word_1_219' title='bbox 532 2970 613 3035; x_wconf 93' lang='lat' dir='ltr'><strong>mihi</strong></span> <span class='ocrx_word' id='word_1_220' title='bbox 637 2991 713 3034; x_wconf 89' lang='lat' dir='ltr'><strong>eum</strong></span> <span class='ocrx_word' id='word_1_221' title='bbox 731 2968 862 3054; x_wconf 82' lang='lat' dir='ltr'><strong>gigante</strong></span> <span class='ocrx_word' id='word_1_222' title='bbox 882 2989 1085 3054; x_wconf 84' lang='lat' dir='ltr'><strong>congressus.</strong></span> <span class='ocrx_word' id='word_1_223' title='bbox 1124 2967 1314 3033; x_wconf 86' lang='lat' dir='ltr'><strong>Advocatur</strong></span> <span class='ocrx_word' id='word_1_224' title='bbox 1329 2969 1416 3033; x_wconf 92' lang='lat' dir='ltr'><strong>Her·</strong></span> 
     </span>
     <span class='ocr_line' id='line_1_25' title="bbox 212 3069 1416 3140; baseline -0.002 -2"><span class='ocrx_word' id='word_1_225' title='bbox 212 3072 301 3138; x_wconf 86' lang='lat' dir='ltr'><strong>cules</strong></span> <span class='ocrx_word' id='word_1_226' title='bbox 316 3073 399 3138; x_wconf 93' lang='lat' dir='ltr'><strong>etin</strong></span> <span class='ocrx_word' id='word_1_227' title='bbox 413 3074 503 3139; x_wconf 78' lang='lat' dir='ltr'><strong>olava</strong></span> <span class='ocrx_word' id='word_1_228' title='bbox 516 3073 594 3140; x_wconf 86' lang='lat' dir='ltr'><strong>visit</strong></span> <span class='ocrx_word' id='word_1_229' title='bbox 614 3071 724 3137; x_wconf 85' lang='lat' dir='ltr'><strong>debita</strong></span> <span class='ocrx_word' id='word_1_230' title='bbox 741 3091 809 3136; x_wconf 79' lang='lat' dir='ltr'><strong>ause</strong></span> <span class='ocrx_word' id='word_1_231' title='bbox 832 3069 947 3137; x_wconf 81' lang='lat' dir='ltr'><strong>virtuti</strong></span> <span class='ocrx_word' id='word_1_232' title='bbox 967 3078 1113 3135; x_wconf 88' lang='lat' dir='ltr'><strong>monstra</strong></span> <span class='ocrx_word' id='word_1_233' title='bbox 1135 3092 1195 3135; x_wconf 91' lang='lat' dir='ltr'><strong>suo</strong></span> <span class='ocrx_word' id='word_1_234' title='bbox 1216 3081 1416 3136; x_wconf 83' lang='lat' dir='ltr'><strong>reservatum</strong></span> 
     </span>
     <span class='ocr_line' id='line_1_26' title="bbox 212 3173 1416 3262; baseline -0.002 -21"><span class='ocrx_word' id='word_1_235' title='bbox 212 3174 353 3262; x_wconf 80' lang='lat' dir='ltr'><strong>mnigma</strong></span> <span class='ocrx_word' id='word_1_236' title='bbox 376 3176 488 3241; x_wconf 91' lang='lat' dir='ltr'><strong>sudori</strong></span> <span class='ocrx_word' id='word_1_237' title='bbox 507 3177 581 3242; x_wconf 91' lang='lat' dir='ltr'><strong>Deo</strong></span> <span class='ocrx_word' id='word_1_238' title='bbox 605 3196 673 3240; x_wconf 89' lang='lat' dir='ltr'><strong>non</strong></span> <span class='ocrx_word' id='word_1_239' title='bbox 697 3174 823 3240; x_wconf 91' lang='lat' dir='ltr'><strong>homini</strong></span> <span class='ocrx_word' id='word_1_240' title='bbox 852 3173 966 3239; x_wconf 92' lang='lat' dir='ltr'><strong>titulos</strong></span> <span class='ocrx_word' id='word_1_241' title='bbox 995 3174 1150 3258; x_wconf 84' lang='lat' dir='ltr'><strong>adjectos.</strong></span> <span class='ocrx_word' id='word_1_242' title='bbox 1203 3173 1259 3238; x_wconf 84' lang='lat' dir='ltr'><strong>En</strong></span> <span class='ocrx_word' id='word_1_243' title='bbox 1280 3173 1416 3238; x_wconf 89' lang='lat' dir='ltr'><strong>audistis</strong></span> 
     </span>
     <span class='ocr_line' id='line_1_27' title="bbox 211 3275 1415 3364; baseline -0.002 -20"><span class='ocrx_word' id='word_1_244' title='bbox 211 3279 332 3360; x_wconf 82' lang='lat' dir='ltr'><strong>omnia,</strong></span> <span class='ocrx_word' id='word_1_245' title='bbox 346 3299 407 3344; x_wconf 89' lang='lat' dir='ltr'><strong>nec</strong></span> <span class='ocrx_word' id='word_1_246' title='bbox 425 3300 529 3344; x_wconf 90' lang='lat' dir='ltr'><strong>unum</strong></span> <span class='ocrx_word' id='word_1_247' title='bbox 542 3278 611 3343; x_wconf 92' lang='lat' dir='ltr'><strong>iota</strong></span> <span class='ocrx_word' id='word_1_248' title='bbox 628 3277 804 3364; x_wconf 79' lang='lat' dir='ltr'><strong>ignominae</strong></span> <span class='ocrx_word' id='word_1_249' title='bbox 819 3297 900 3342; x_wconf 74' lang='lat' dir='ltr'><strong>meae</strong></span> <span class='ocrx_word' id='word_1_250' title='bbox 921 3275 1016 3342; x_wconf 85' lang='lat' dir='ltr'><strong>vobis</strong></span> <span class='ocrx_word' id='word_1_251' title='bbox 1031 3275 1171 3341; x_wconf 89' lang='lat' dir='ltr'><strong>celatum</strong></span> <span class='ocrx_word' id='word_1_252' title='bbox 1185 3283 1258 3355; x_wconf 82' lang='lat' dir='ltr'><strong>est3</strong></span> <span class='ocrx_word' id='word_1_253' title='bbox 1279 3276 1415 3359; x_wconf 79' lang='lat' dir='ltr'><strong>jactura</strong></span> 
     </span>
     <span class='ocr_line' id='line_1_28' title="bbox 211 3375 1414 3468; baseline -0.007 -22"><span class='ocrx_word' id='word_1_254' title='bbox 211 3381 383 3466; x_wconf 74' lang='lat' dir='ltr'><strong>praeteritas</strong></span> <span class='ocrx_word' id='word_1_255' title='bbox 397 3381 551 3468; x_wconf 87' lang='lat' dir='ltr'><strong>pudenda</strong></span> <span class='ocrx_word' id='word_1_256' title='bbox 564 3381 761 3465; x_wconf 89' lang='lat' dir='ltr'><strong>timoresque</strong></span> <span class='ocrx_word' id='word_1_257' title='bbox 776 3379 903 3443; x_wconf 84' lang='lat' dir='ltr'><strong>futuros</strong></span> <span class='ocrx_word' id='word_1_258' title='bbox 922 3379 1031 3465; x_wconf 82' lang='lat' dir='ltr'><strong>palam</strong></span> <span class='ocrx_word' id='word_1_259' title='bbox 1044 3375 1117 3443; x_wconf 85' lang='lat' dir='ltr'><strong>ieci.</strong></span> <span class='ocrx_word' id='word_1_260' title='bbox 1161 3375 1250 3444; x_wconf 77' lang='lat' dir='ltr'><strong>Quid</strong></span> <span class='ocrx_word' id='word_1_261' title='bbox 1275 3375 1414 3462; x_wconf 86' lang='lat' dir='ltr'><strong>amplius</strong></span> 
     </span>
     <span class='ocr_line' id='line_1_29' title="bbox 211 3477 1413 3569; baseline -0.007 -20"><span class='ocrx_word' id='word_1_262' title='bbox 211 3493 263 3549; x_wconf 92' lang='lat' dir='ltr'><strong>est</strong></span> <span class='ocrx_word' id='word_1_263' title='bbox 281 3506 346 3569; x_wconf 92' lang='lat' dir='ltr'><strong>quo</strong></span> <span class='ocrx_word' id='word_1_264' title='bbox 367 3485 449 3548; x_wconf 91' lang='lat' dir='ltr'><strong>mihi</strong></span> <span class='ocrx_word' id='word_1_265' title='bbox 459 3505 577 3550; x_wconf 90' lang='lat' dir='ltr'><strong>nocere</strong></span> <span class='ocrx_word' id='word_1_266' title='bbox 590 3483 671 3549; x_wconf 83' lang='lat' dir='ltr'><strong>velit</strong></span> <span class='ocrx_word' id='word_1_267' title='bbox 684 3491 741 3547; x_wconf 87' lang='lat' dir='ltr'><strong>aut</strong></span> <span class='ocrx_word' id='word_1_268' title='bbox 754 3480 860 3569; x_wconf 87' lang='lat' dir='ltr'><strong>possit</strong></span> <span class='ocrx_word' id='word_1_269' title='bbox 881 3480 1001 3566; x_wconf 87' lang='lat' dir='ltr'><strong>regina.</strong></span> <span class='ocrx_word' id='word_1_270' title='bbox 1045 3479 1122 3544; x_wconf 86' lang='lat' dir='ltr'><strong>Jam</strong></span> <span class='ocrx_word' id='word_1_271' title='bbox 1137 3478 1218 3543; x_wconf 92' lang='lat' dir='ltr'><strong>mihi</strong></span> <span class='ocrx_word' id='word_1_272' title='bbox 1237 3477 1284 3542; x_wconf 91' lang='lat' dir='ltr'><strong>nil</strong></span> <span class='ocrx_word' id='word_1_273' title='bbox 1303 3487 1413 3558; x_wconf 87' lang='lat' dir='ltr'><strong>restat,</strong></span> 
     </span>
     <span class='ocr_line' id='line_1_30' title="bbox 209 3579 1414 3658; baseline -0.007 -7"><span class='ocrx_word' id='word_1_274' title='bbox 209 3587 275 3651; x_wconf 90' lang='lat' dir='ltr'><strong>nisi</strong></span> <span class='ocrx_word' id='word_1_275' title='bbox 288 3596 396 3650; x_wconf 84' lang='lat' dir='ltr'><strong>vastas</strong></span> <span class='ocrx_word' id='word_1_276' title='bbox 410 3586 591 3653; x_wconf 89' lang='lat' dir='ltr'><strong>inhabitare</strong></span> <span class='ocrx_word' id='word_1_277' title='bbox 613 3585 806 3652; x_wconf 86' lang='lat' dir='ltr'><strong>solitudines</strong></span> <span class='ocrx_word' id='word_1_278' title='bbox 829 3595 864 3649; x_wconf 93' lang='lat' dir='ltr'><strong>et</strong></span> <span class='ocrx_word' id='word_1_279' title='bbox 884 3581 1072 3648; x_wconf 89' lang='lat' dir='ltr'><strong>hominibus</strong></span> <span class='ocrx_word' id='word_1_280' title='bbox 1097 3581 1226 3646; x_wconf 85' lang='lat' dir='ltr'><strong>insueta</strong></span> <span class='ocrx_word' id='word_1_281' title='bbox 1246 3579 1329 3658; x_wconf 86' lang='lat' dir='ltr'><strong>loca,</strong></span> <span class='ocrx_word' id='word_1_282' title='bbox 1350 3580 1414 3644; x_wconf 85' lang='lat' dir='ltr'><strong>he-</strong></span> 
     </span>
     <span class='ocr_line' id='line_1_31' title="bbox 210 3683 1412 3775; baseline -0.007 -22"><span class='ocrx_word' id='word_1_283' title='bbox 210 3689 376 3775; x_wconf 91' lang='lat' dir='ltr'><strong>quentiam</strong></span> <span class='ocrx_word' id='word_1_284' title='bbox 391 3689 538 3754; x_wconf 89' lang='lat' dir='ltr'><strong>omnium</strong></span> <span class='ocrx_word' id='word_1_285' title='bbox 559 3690 661 3756; x_wconf 86' lang='lat' dir='ltr'><strong>vitare</strong></span> <span class='ocrx_word' id='word_1_286' title='bbox 680 3687 838 3775; x_wconf 87' lang='lat' dir='ltr'><strong>gentium,</strong></span> <span class='ocrx_word' id='word_1_287' title='bbox 853 3693 887 3752; x_wconf 91' lang='lat' dir='ltr'><strong>et</strong></span> <span class='ocrx_word' id='word_1_288' title='bbox 905 3695 945 3750; x_wconf 95' lang='lat' dir='ltr'><strong>ut</strong></span> <span class='ocrx_word' id='word_1_289' title='bbox 959 3684 1115 3749; x_wconf 86' lang='lat' dir='ltr'><strong>memoria</strong></span> <span class='ocrx_word' id='word_1_290' title='bbox 1136 3683 1200 3748; x_wconf 91' lang='lat' dir='ltr'><strong>mei</strong></span> <span class='ocrx_word' id='word_1_291' title='bbox 1220 3683 1412 3767; x_wconf 85' lang='lat' dir='ltr'><strong>quantocius</strong></span> 
     </span>
     <span class='ocr_line' id='line_1_32' title="bbox 208 3783 1412 3874; baseline -0.007 -17"><span class='ocrx_word' id='word_1_292' title='bbox 208 3791 322 3857; x_wconf 88' lang='lat' dir='ltr'><strong>afacie</strong></span> <span class='ocrx_word' id='word_1_293' title='bbox 337 3800 431 3857; x_wconf 75' lang='lat' dir='ltr'><strong>terrae</strong></span> <span class='ocrx_word' id='word_1_294' title='bbox 446 3793 600 3872; x_wconf 81' lang='lat' dir='ltr'><strong>deleatur,</strong></span> <span class='ocrx_word' id='word_1_295' title='bbox 621 3801 660 3856; x_wconf 90' lang='lat' dir='ltr'><strong>ut</strong></span> <span class='ocrx_word' id='word_1_296' title='bbox 683 3791 787 3856; x_wconf 86' lang='lat' dir='ltr'><strong>instar</strong></span> <span class='ocrx_word' id='word_1_297' title='bbox 801 3787 1010 3874; x_wconf 81' lang='lat' dir='ltr'><strong>Empedoclis</strong></span> <span class='ocrx_word' id='word_1_298' title='bbox 1029 3786 1164 3851; x_wconf 78' lang='lat' dir='ltr'><strong>AEthnee</strong></span> <span class='ocrx_word' id='word_1_299' title='bbox 1178 3784 1318 3850; x_wconf 86' lang='lat' dir='ltr'><strong>flammis</strong></span> <span class='ocrx_word' id='word_1_300' title='bbox 1333 3783 1412 3849; x_wconf 89' lang='lat' dir='ltr'><strong>insi·</strong></span> 
     </span>
     <span class='ocr_line' id='line_1_33' title="bbox 207 3887 1410 3979; baseline -0.006 -21"><span class='ocrx_word' id='word_1_301' title='bbox 207 3893 296 3972; x_wconf 81' lang='lat' dir='ltr'><strong>ham,</strong></span> <span class='ocrx_word' id='word_1_302' title='bbox 310 3894 363 3958; x_wconf 86' lang='lat' dir='ltr'><strong>rel</strong></span> <span class='ocrx_word' id='word_1_303' title='bbox 376 3892 564 3958; x_wconf 78' lang='lat' dir='ltr'><strong>incumbam</strong></span> <span class='ocrx_word' id='word_1_304' title='bbox 579 3892 686 3979; x_wconf 87' lang='lat' dir='ltr'><strong>gladio</strong></span> <span class='ocrx_word' id='word_1_305' title='bbox 701 3889 814 3972; x_wconf 74' lang='lat' dir='ltr'><strong>Pirini,</strong></span> <span class='ocrx_word' id='word_1_306' title='bbox 833 3891 886 3955; x_wconf 84' lang='lat' dir='ltr'><strong>vel</strong></span> <span class='ocrx_word' id='word_1_307' title='bbox 900 3889 1049 3976; x_wconf 91' lang='lat' dir='ltr'><strong>Neptuni</strong></span> <span class='ocrx_word' id='word_1_308' title='bbox 1060 3910 1113 3954; x_wconf 92' lang='lat' dir='ltr'><strong>me</strong></span> <span class='ocrx_word' id='word_1_309' title='bbox 1134 3888 1260 3954; x_wconf 85' lang='lat' dir='ltr'><strong>tradam</strong></span> <span class='ocrx_word' id='word_1_310' title='bbox 1283 3887 1410 3967; x_wconf 89' lang='lat' dir='ltr'><strong>belluis,</strong></span> 
     </span>
     <span class='ocr_line' id='line_1_34' title="bbox 206 3991 1412 4082; baseline -0.005 -20"><span class='ocrx_word' id='word_1_311' title='bbox 206 4018 250 4062; x_wconf 93' lang='lat' dir='ltr'><strong>ne</strong></span> <span class='ocrx_word' id='word_1_312' title='bbox 265 3995 293 4060; x_wconf 92' lang='lat' dir='ltr'><strong>si</strong></span> <span class='ocrx_word' id='word_1_313' title='bbox 307 3996 365 4063; x_wconf 86' lang='lat' dir='ltr'><strong>diu</strong></span> <span class='ocrx_word' id='word_1_314' title='bbox 375 3995 486 4061; x_wconf 82' lang='lat' dir='ltr'><strong>vixero</strong></span> <span class='ocrx_word' id='word_1_315' title='bbox 496 3997 631 4082; x_wconf 89' lang='lat' dir='ltr'><strong>longum</strong></span> <span class='ocrx_word' id='word_1_316' title='bbox 647 3994 709 4060; x_wconf 89' lang='lat' dir='ltr'><strong>sibi</strong></span> <span class='ocrx_word' id='word_1_317' title='bbox 723 3993 867 4060; x_wconf 78' lang='lat' dir='ltr'><strong>infamius</strong></span> <span class='ocrx_word' id='word_1_318' title='bbox 882 3993 1010 4079; x_wconf 86' lang='lat' dir='ltr'><strong>signum</strong></span> <span class='ocrx_word' id='word_1_319' title='bbox 1022 4002 1056 4058; x_wconf 88' lang='lat' dir='ltr'><strong>et</strong></span> <span class='ocrx_word' id='word_1_320' title='bbox 1067 3991 1305 4057; x_wconf 90' lang='lat' dir='ltr'><strong>monimentum</strong></span> <span class='ocrx_word' id='word_1_321' title='bbox 1315 3992 1412 4056; x_wconf 89' lang='lat' dir='ltr'><strong>dede-</strong></span> 
     </span>
     <span class='ocr_line' id='line_1_35' title="bbox 205 4094 1411 4185; baseline -0.005 -21"><span class='ocrx_word' id='word_1_322' title='bbox 205 4098 289 4164; x_wconf 89' lang='lat' dir='ltr'><strong>coris</strong></span> <span class='ocrx_word' id='word_1_323' title='bbox 301 4107 335 4164; x_wconf 92' lang='lat' dir='ltr'><strong>et</strong></span> <span class='ocrx_word' id='word_1_324' title='bbox 344 4098 502 4185; x_wconf 89' lang='lat' dir='ltr'><strong>probrosa</strong></span> <span class='ocrx_word' id='word_1_325' title='bbox 513 4099 660 4166; x_wconf 87' lang='lat' dir='ltr'><strong>ostensio</strong></span> <span class='ocrx_word' id='word_1_326' title='bbox 675 4097 849 4184; x_wconf 83' lang='lat' dir='ltr'><strong>digitorum</strong></span> <span class='ocrx_word' id='word_1_327' title='bbox 861 4097 1041 4184; x_wconf 85' lang='lat' dir='ltr'><strong>gaudeaut3</strong></span> <span class='ocrx_word' id='word_1_328' title='bbox 1052 4097 1114 4162; x_wconf 88' lang='lat' dir='ltr'><strong>hac</strong></span> <span class='ocrx_word' id='word_1_329' title='bbox 1124 4096 1196 4162; x_wconf 90' lang='lat' dir='ltr'><strong>luce</strong></span> <span class='ocrx_word' id='word_1_330' title='bbox 1207 4117 1303 4180; x_wconf 86' lang='lat' dir='ltr'><strong>quam</strong></span> <span class='ocrx_word' id='word_1_331' title='bbox 1314 4094 1411 4161; x_wconf 81' lang='lat' dir='ltr'><strong>velox</strong></span> 
     </span>
    </p>
   </div>
   <div class='ocr_carea' id='block_1_3' title="bbox 0 0 1808 4862">
    <p class='ocr_par' dir='ltr' id='par_1_3' title="bbox 0 0 1808 4862">
     <span class='ocr_line' id='line_1_36' title="bbox 0 0 1808 4862; baseline 0 7"><span class='ocrx_word' id='word_1_332' title='bbox 0 0 1808 4862; x_wconf 95' lang='lat' dir='ltr'><strong> </strong></span> 
     </span>
    </p>
   </div>
  </div>
 </body>
</html>
