3650 4852
236 535 298 597 crp.
310 535 390 596 nra]
612 533 660 576 na
677 533 788 578 soors
806 533 1030 580 cunraarusr.
1378 527 1421 584 43

219 686 357 751 vitvoce
370 684 1019 770 magnadioens‚“Galtere,veniforas.’'
1053 687 1423 776 Galterusautem,quia

220 815 286 858 non
302 791 426 856 audivit
440 811 553 854 vocem
568 790 702 870 Jhesus,
718 812 784 855 non
800 790 914 855 habuit
928 813 1020 857 aures
1038 791 1162 872 Lazari,
1178 803 1211 859 et
1225 817 1292 859 non
1307 796 1408 860 venit.

264 896 350 963 Quia
365 894 513 980 superius
534 894 696 958 Emaldus
711 893 751 958 de
776 894 874 958 Brixa
890 916 924 958 se
940 897 1060 960 nostris
1075 897 1187 960 intulit
1202 897 1418 976 sermonibus,

221 999 345 1064 dicatur
361 998 388 1061 si
404 999 510 1082 placet
524 997 596 1080 quis
612 995 718 1074 fuerit,
734 995 819 1060 sicut
833 997 1016 1061 audivimus
1032 1022 1050 1062 a
1064 999 1135 1064 viro
1154 999 1310 1084 temporis
1326 1001 1423 1078 illius,

220 1103 290 1167 viro
305 1101 436 1188 quidem
452 1099 622 1184 magnifico
639 1091 881 1185 multarumque
892 1099 1068 1180 literarum,
1085 1101 1229 1167 Roberto
1245 1103 1285 1167 de
1297 1101 1424 1166 Bume-

221 1207 328 1270 ham.ll
372 1205 437 1269 Hie
464 1203 627 1268 Ernaldus
652 1201 693 1266 ab
718 1201 865 1288 Eugenio
890 1225 974 1289 papa
999 1214 1076 1289 post
1090 1205 1318 1271 Abaielardum
1345 1205 1424 1270 inci-

222 1317 320 1386 tatus,
335 1307 533 1380 indefensus,
550 1315 584 1370 et
598 1305 715 1370 absens
737 1305 972 1370 condemnatus
995 1315 1056 1385 est,
1076 1329 1143 1370 non
1167 1327 1207 1372 ex
1231 1308 1351 1393 scripto
1368 1309 1426 1372 sed

223 1431 263 1476 ex
278 1410 517 1495 predicatione.
563 1407 749 1474 Secundum
765 1409 930 1494 sanguinis
951 1409 1154 1475 altitudinem
1178 1423 1247 1477 erat
1261 1411 1425 1476 Ernaldus

223 1514 341 1579 nobilis
357 1523 390 1579 et
405 1535 552 1598 magnus,
569 1512 747 1578 secundum
770 1512 878 1578 literas
903 1514 1075 1592 maximus,
1098 1515 1277 1580 secundum
1300 1516 1425 1598 religio-

222 1639 298 1681 nem
314 1617 447 1702 primus,
463 1615 543 1680 nihil
559 1615 620 1680 sibi
635 1616 740 1681 victus
756 1627 812 1680 aut
827 1617 927 1682 vestis
942 1617 1114 1702 indulgens
1130 1619 1192 1684 nisi
1213 1619 1300 1704 quod
1315 1613 1433 1684 arctis?

221 1721 305 1786 sima
319 1719 454 1804 cogebat
477 1719 663 1784 necessitas.
709 1719 875 1784 Circaibat
897 1721 1088 1805 praedicans,
1112 1745 1177 1788 non
1201 1745 1273 1807 quse
1289 1746 1347 1787 sua
1369 1725 1426 1788 sed

222 1847 295 1911 quae
310 1824 374 1889 Dei
389 1834 468 1889 sunt
482 1843 640 1909 quaerens,
657 1832 691 1888 et
704 1823 809 1888 factus
832 1833 882 1888 est
897 1824 1050 1890 omnibus
1073 1826 1220 1892 amabilis
1243 1839 1275 1893 et
1290 1828 1427 1892 admira·

223 1927 307 1993 bilis.
353 1927 419 1993 Hic
434 1949 508 1992 cum
521 1927 660 1992 Romam
675 1927 828 2007 venisset,
843 1930 986 1993 venerati
1003 1941 1080 1995 sunt
1092 1931 1230 1997 Romani
1247 1932 1426 1996 doctrinam

223 2033 303 2118 ejus.
351 2032 502 2097 Pervenit
524 2031 655 2095 tandem
675 2031 715 2094 ad
739 2031 873 2111 curiam,
897 2040 931 2096 et
954 2033 1037 2098 vidit
1063 2055 1191 2098 mensas
1217 2034 1426 2099 cardinalium

223 2135 308 2201 vasis
331 2137 434 2201 aureis
458 2143 492 2200 et
513 2135 672 2219 argenteis
697 2145 831 2198 onustas
858 2149 892 2199 et
917 2135 1068 2215 delicias3
1093 2137 1125 2200 in
1151 2137 1296 2221 epistolis
1319 2159 1426 2202 coram

224 2240 356 2304 domino
378 2261 462 2325 papa
484 2237 692 2324 reprehendit
713 2259 769 2302 eos
793 2236 951 2317 modeste,
975 2239 1032 2302 sed
1056 2238 1190 2302 moleste
1212 2239 1367 2318 tulerunt,
1395 2249 1429 2304 et

225 2346 388 2431 ejecerunt
416 2365 490 2407 eum
515 2342 621 2419 foras3
655 2341 710 2425 qui
743 2341 871 2404 rediens
898 2342 938 2405 ad
965 2341 1089 2420 urbem,
1116 2341 1277 2407 indefesse
1313 2343 1427 2406 docere

223 2447 333 2532 erepit.
380 2443 627 2510 Conveniebant
650 2445 690 2508 ad
713 2465 788 2508 eum
812 2443 909 2522 eires,
932 2454 966 2508 et
989 2445 1126 2510 libenter
1146 2467 1221 2510 eum
1243 2445 1428 2510 audiebant.

225 2551 359 2616 Factum
376 2560 426 2615 est
441 2559 549 2613 autem
564 2559 603 2611 ut
617 2547 767 2611 audirent
788 2547 828 2611 de
851 2556 1042 2634 contemptu
1065 2548 1261 2632 premiorum
1277 2559 1311 2613 et
1326 2569 1428 2612 mam·

224 2673 321 2720 mone
343 2673 526 2717 sermonem
552 2652 665 2717 fecisse
693 2651 902 2716 cardinalium
928 2652 962 2716 in
990 2675 1082 2718 aures
1110 2662 1269 2738 praesente
1296 2653 1428 2716 domino

224 2779 308 2844 papa
336 2757 527 2843 praedictum
558 2755 749 2834 Ernaldum,
778 2767 812 2821 et
841 2756 948 2841 ipsum
979 2779 999 2820 a
1027 2757 1242 2821 cardinalibus
1277 2759 1427 2842 ejectum.

226 2861 420 2948 congregati
435 2860 568 2925 suntad
583 2860 715 2940 curiam,
731 2869 765 2925 et
786 2861 906 2946 jurgati
930 2875 1043 2926 contra
1064 2859 1231 2926 dominum
1256 2881 1372 2946 papam
1395 2869 1429 2924 et

226 2965 412 3043 cardinales,
428 2964 571 3029 dicentes
588 2963 766 3027 Ernaldum
790 2964 894 3028 virum
921 2963 1043 3029 bonum
1069 2974 1103 3028 et
1122 2966 1261 3050 justum,
1282 2974 1316 3028 et
1339 2964 1428 3049 ipsos

225 3089 349 3146 avaros,
364 3068 517 3153 injustos,
533 3077 568 3131 et
582 3065 695 3145 malos,
711 3075 745 3130 et
760 3066 814 3151 qui
829 3087 895 3130 non
911 3077 1021 3132 essent
1035 3067 1092 3130 lux
1106 3067 1220 3130 mundi
1235 3067 1293 3130 sed
1307 3066 1380 3144 faex,
1395 3076 1430 3130 et

225 3173 258 3237 in
274 3173 362 3237 hunc
377 3172 521 3249 modum,
543 3179 576 3235 et
597 3171 651 3234 vix
675 3170 905 3234 continuerunt
933 3193 1058 3234 manus.
1104 3170 1180 3237 Quo
1203 3170 1347 3234 tumultu
1370 3169 1428 3233 vix

226 3275 403 3360 pacificato,
420 3275 527 3340 missis
554 3275 595 3339 ad
619 3275 847 3358 imperatorem
870 3275 995 3358 legatis,
1019 3275 1170 3339 dominus
1195 3295 1279 3359 papa
1304 3274 1428 3338 denun-

226 3380 323 3445 ciavit
337 3379 515 3444 Ernaldum
539 3377 854 3444 excommunicatum
878 3388 912 3442 et
935 3378 1135 3456 haereticum,
1150 3387 1184 3442 et
1207 3399 1273 3441 non
1289 3397 1429 3442 recesse-

225 3492 302 3546 runt
317 3484 426 3547 nuncii
442 3482 545 3546 donec
559 3483 667 3566 ipsum
685 3481 840 3565 suspendi
856 3482 1034 3556 fecerunta

259 3656 275 3684 *
293 3653 378 3701 lhave
390 3659 435 3701 not
450 3653 512 3700 been
530 3653 584 3700 able
600 3657 627 3700 to
644 3652 696 3699 frod
712 3667 759 3714 any
771 3666 810 3700 ac·
845 3652 976 3716 preaohing
991 3653 1039 3701 and
1055 3653 1102 3702 end
1120 3653 1149 3700 ol
1166 3650 1260 3700 Aroald
1276 3651 1304 3699 ol
1321 3650 1430 3708 Brescia,

226 3740 303 3784 count
314 3735 342 3783 ol
358 3733 408 3782 this
426 3734 520 3782 Robert
531 3733 562 3782 de
578 3732 728 3782 Barsalium.
760 3733 812 3782 'Ibe
845 3734 899 3780 who
917 3748 995 3783 seems
1012 3741 1038 3783 to
1055 3735 1115 3782 bare
1134 3735 1195 3782 been
1213 3733 1329 3795 regarded
1341 3732 1398 3779 nith
1416 3748 1430 3780 a

227 3832 299 3866 name
317 3817 345 3867 oi
361 3817 501 3866 Burnehsm
518 3817 540 3865 is
559 3821 603 3864 not
618 3829 769 3864 uncommon
786 3816 812 3863 in
845 3815 986 3864 laronrable
1001 3817 1083 3880 cyclo
1095 3816 1218 3878 England.
1254 3814 1431 3864 ltslrorrsalso

227 3901 270 3949 the
281 3901 368 3950 earlier
378 3900 486 3950 recorda.
845 3897 1013 3948 considerable
1033 3899 1157 3961 liberality
1179 3897 1207 3946 ol
1232 3896 1375 3946 sentimenta
1404 3899 1430 3946 ia

259 3983 353 4042 †Thia
371 3985 392 4032 is
410 4000 425 4032 a
442 3981 594 4032 remarkable
611 3985 714 4030 mount
728 3981 757 4029 ol
771 3981 813 4030 the
847 3980 940 4028 Walter
951 3981 1048 4045 Mapes.

1182 4067 1201 4106 ἢ
