3650 4852
400 502 442 560 26
833 515 1020 562 cunarum
1043 517 1165 562 marus
1428 517 1548 580 [nisano.
1562 516 1584 566 1.

400 667 589 752 reprobans,
603 687 676 751 quta
690 689 843 734 noscam
857 667 1070 754 complicibus
1094 667 1162 733 suis
1188 665 1391 732 damonibus
1417 678 1453 734 et
1477 668 1601 734 mundo

401 769 448 834 sie
461 769 643 849 infatuavit,
659 779 697 833 ut
704 781 866 856 praecepta
878 770 1002 835 Christi
1012 793 1079 835 non
1090 779 1258 836 teneamus
1270 770 1310 835 ad
1319 769 1420 835 vitam
1435 782 1601 852 acernam,

399 893 461 936 nec
472 870 641 936 aforismos
657 871 852 958 Hypocratis
867 875 907 938 ad
916 874 1138 960 temporalem,
1149 873 1237 939 vices
1246 873 1358 959 utique
1369 874 1465 938 saluti
1473 874 1600 939 debitas

400 975 593 1059 negligendo
602 975 821 1057 transilimus3
844 1000 983 1063 cumque
994 999 1065 1043 raro
1080 977 1134 1043 vel
1144 999 1310 1062 nimquam
1322 978 1444 1064 aliquid
1458 987 1602 1063 tempes-

400 1077 468 1143 tive
481 1076 577 1142 flata
601 1078 708 1158 nobis,
731 1080 847 1145 meritc
870 1103 932 1146 nos
958 1081 1149 1167 excepisset,
1171 1081 1228 1166 qui
1253 1080 1332 1148 dicit
1354 1081 1444 1146 omni
1467 1081 1513 1148 rei
1537 1079 1600 1146 sub

400 1179 482 1246 coelo
497 1187 626 1265 tempus
641 1189 676 1245 et
688 1192 845 1268 tempora.
888 1183 969 1248 Tres
985 1183 1105 1246 scimus
1119 1182 1293 1249 aDomino
1306 1182 1489 1262 suscitatos,
1499 1182 1601 1262 intus,

399 1280 490 1362 foris,
515 1282 550 1348 in
575 1283 707 1363 tumba3
730 1307 802 1370 quac
828 1284 978 1350 distichio
1003 1282 1095 1350 brevi
1120 1283 1293 1370 episeopus
1320 1284 1600 1351 Cenomanensis

402 1383 614 1451 Hildebertus
628 1387 781 1472 exposuit
795 1386 852 1466 sic,

594 1518 670 1572 Mens
680 1523 753 1582 mals,
764 1537 832 1572 mors
843 1522 926 1581 latare
943 1519 1023 1570 malus
1033 1523 1112 1576 aetus,
1123 1531 1191 1566 mors
1201 1517 1261 1568 foris
1271 1532 1347 1578 amn

626 1604 732 1664 umba,
743 1605 835 1668 puella,
846 1618 917 1668 puer,
935 1603 1043 1652 Luem
1054 1601 1102 1649 ista
1111 1600 1225 1648 acuat*

401 1713 606 1779 suffecerunt
620 1715 692 1780 duas
706 1715 836 1780 feminae
850 1735 980 1780 movere
996 1713 1177 1779 Dominum
1191 1714 1303 1798 paucis
1329 1713 1426 1780 etiam
1449 1716 1599 1802 precibus

399 1817 441 1880 ad
457 1816 701 1883 suscitationem
724 1816 935 1902 quadriduani
944 1842 954 1896 3
976 1826 1027 1881 tot
1042 1826 1151 1880 autem
1165 1816 1335 1881 hominum
1353 1826 1388 1881 et
1406 1819 1599 1884 feminarum

399 1919 488 1983 milia
502 1920 580 1984 novi
593 1922 645 1984 vel
659 1920 777 1985 veteris
793 1919 915 1985 ordinis
931 1941 1028 2004 quern
1044 1919 1266 1983 suscitantur?
1288 1940 1352 2003 quo
1368 1919 1463 1985 nobis
1478 1923 1599 1986 elemo-

399 2023 553 2103 sinarum,
564 2023 773 2109 jejuniorum,
784 2044 918 2108 precum
934 2021 1116 2101 assiduitas,
1132 2021 1223 2106 quasi
1240 2042 1334 2086 secus
1348 2023 1448 2107 pedes
1463 2024 1599 2089 Domini

398 2147 473 2190 eum
488 2126 595 2192 Maria
610 2127 771 2207 sedentes,
785 2126 894 2211 ipsum
915 2125 1085 2189 sollicitare
1105 2145 1172 2189 non
1198 2134 1336 2204 cessant,
1350 2135 1388 2189 ut
1413 2125 1514 2207 aiunt,
1540 2128 1599 2192 sed

398 2229 506 2293 forsan
521 2250 652 2294 omnem
667 2229 801 2314 implere
813 2227 975 2313 justitiam
989 2228 1157 2313 cupientes
1171 2227 1206 2290 in
1217 2227 1414 2314 hospitando
1430 2229 1599 2294 Christum

398 2355 472 2399 cum
488 2332 621 2398 Martha
643 2341 795 2419 satagunt
817 2332 900 2397 cirea
926 2332 1077 2417 frequens
1103 2331 1329 2412 ministerium,
1355 2353 1396 2397 ne
1421 2333 1499 2418 quid
1514 2333 1598 2399 desit
1645 2317 1650 2324 ”

398 2435 477 2500 dum
502 2438 570 2501 sola
595 2436 769 2514 ministrat,
789 2444 823 2499 et
845 2435 926 2499 illud
949 2456 1052 2499 unum
1072 2433 1196 2498 victum
1216 2445 1361 2500 accurate
1377 2435 1485 2500 minus
1500 2458 1598 2521 quam

397 2538 492 2602 nobis
507 2550 596 2605 esset
609 2539 731 2604 victum
744 2542 936 2624 appetunt.†
980 2538 1071 2600 Dum
1086 2557 1161 2622 ergo
1176 2537 1349 2602 turbentur
1362 2559 1437 2622 erga
1447 2538 1597 2624 plurima,

397 2642 482 2706 sicut
496 2641 542 2705 ait
560 2640 692 2718 Paulus,
707 2639 843 2724 quisque
856 2659 916 2723 per
929 2660 976 2716 ae,
991 2639 1038 2703 sic
1056 2660 1115 2724 per
1135 2640 1271 2723 gratiam
1291 2640 1356 2705 Dei
1380 2640 1509 2726 propria
1533 2641 1598 2705 sol-

396 2743 564 2807 licitudine
586 2741 734 2806 suscitari
756 2739 946 2825 poterimus,
960 2740 995 2803 in
1009 2739 1082 2824 ipso
1098 2741 1297 2806 confidentes
1316 2763 1383 2806 non
1404 2742 1439 2806 in
1453 2743 1597 2824 homine,

396 2844 547 2910 liberabit
561 2843 638 2930 quia
651 2865 712 2908 nos
728 2842 768 2907 ab
783 2842 916 2906 homine
931 2841 1016 2906 malo
1031 2842 1137 2907 bonus
1152 2843 1252 2909 homo
1268 2843 1429 2910 Christus.

690 3029 745 3094 De
759 3029 881 3111 eripiare
899 3030 1182 3093 Garttaaieaiam.
1225 3029 1292 3094 xvi.

441 3163 717 3251 Granopolitanus
732 3163 931 3249 episeopust
946 3161 1071 3228 viderat
1092 3161 1127 3226 in
1151 3161 1274 3226 somnis
1299 3173 1424 3248 septem
1447 3163 1532 3228 soles
1556 3187 1597 3231 ex

397 3267 532 3332 diversis
547 3268 695 3354 partibus
710 3268 744 3332 in
759 3276 906 3330 montem
921 3265 977 3352 qui
992 3265 1142 3330 Cartusia
1164 3265 1291 3345 dicitur,
1316 3265 1350 3329 in
1376 3265 1459 3330 valle
1486 3267 1598 3333 Grise-

397 3368 546 3451 voldana,
567 3367 738 3436 convenire
753 3388 941 3452 moramque
963 3367 1086 3447 facere3
1109 3365 1262 3451 quicum
1286 3369 1426 3432 multum
1451 3370 1597 3436 studeret

430 3569 707 3623 *HildebertLocoa
720 3571 856 3635 Scriptura
874 3569 981 3620 Mcrslls
1012 3583 1062 3617 aaa
1081 3583 1096 3618 e
1112 3569 1194 3618 native
1211 3569 1240 3618 of
1253 3569 1373 3634 Cologne.
1406 3569 1468 3621 'l'his
1490 3577 1597 3621 accoaut

397 3655 547 3719 Applicatio,
559 3669 590 3704 ex
606 3655 673 3704 Nor.
690 3653 761 3703 'lest
775 3653 868 3712 extiti.
887 3653 981 3716 Opera,
1014 3650 1153 3714 byWalter
1164 3651 1253 3716 Mapes
1264 3653 1286 3702 ia
1297 3653 1340 3701 the
1352 3653 1596 3702 mostaathenticrre

397 3735 438 3784 ed.
452 3739 524 3796 17⁰8,
541 3751 567 3800 p.
581 3737 654 3788 1227.
1013 3731 1084 3782 have.
1125 3732 1178 3780 'l'he
1202 3732 1313 3783 Statum
1336 3733 1366 3783 of
1391 3733 1434 3782 the
1457 3733 1538 3782 Order
1555 3749 1596 3784 are

430 3817 448 3874 †
464 3815 510 3864 See
522 3816 583 3865 Luc.
595 3833 620 3866 x.
632 3819 720 3866 3842.
1014 3811 1113 3876 printed
1129 3813 1156 3861 ia
1172 3812 1215 3862 the
1231 3813 1298 3862 aixth
1317 3815 1415 3862 volume
1430 3813 1459 3864 of
1478 3815 1521 3863 the
1538 3815 1596 3864 Mo·

431 3897 550 3958 ssflugh,
577 3898 666 3962 blahop
700 3898 727 3946 cl
759 3897 892 3947 Grenoble.
926 3895 981 3944 'l'he
1013 3895 1134 3943 nasticon.
1170 3893 1216 3943 See
1227 3894 1266 3942 for
1276 3895 1319 3943 the
1327 3895 1422 3959 history
1430 3895 1459 3944 of
1467 3895 1598 3945 thiaorder

399 3977 545 4026 foundation
556 3976 585 4025 of
604 3978 647 4028 the
663 3978 735 4026 order
751 3977 780 4026 of
795 3977 930 4026 Chartreux
946 3975 980 4038 by
1013 3975 1056 4024 the
1068 3975 1178 4025 Histoire
1190 3977 1234 4025 des
1246 3975 1341 4026 Ordres
1350 3977 1487 4040 Religieux,
1497 3978 1526 4026 of
1536 3977 1597 4027 Pare

398 4058 486 4108 lirano
497 4058 614 4108 occurred
624 4059 651 4106 in
669 4059 740 4107 10³6.
774 4059 861 4108 Braao
880 4057 982 4107 himself
1013 4056 1109 4116 Heliot,
1126 4065 1189 4107 tom.
1202 4059 1243 4107 rii.
1255 4073 1281 4122 p.
1293 4059 1352 4109 366.
