<?xml version="1.0" encoding="UTF-8"?>
<!DOCTYPE html PUBLIC "-//W3C//DTD XHTML 1.0 Transitional//EN"
    "http://www.w3.org/TR/xhtml1/DTD/xhtml1-transitional.dtd">
<html xmlns="http://www.w3.org/1999/xhtml" xml:lang="en" lang="en">
 <head>
  <title>
</title>
<meta http-equiv="Content-Type" content="text/html;charset=utf-8" />
  <meta name='ocr-system' content='tesseract 3.04.00' />
  <meta name='ocr-capabilities' content='ocr_page ocr_carea ocr_par ocr_line ocrx_word'/>
</head>
<body>
  <div class='ocr_page' id='page_1' title='image "./gualterimapesde00mapgoog/gualterimapesde00mapgoog_0106.png"; bbox 0 0 3608 4862; ppageno 0'>
   <div class='ocr_carea' id='block_1_1' title="bbox 284 494 1467 584">
    <p class='ocr_par' dir='ltr' id='par_1_1' title="bbox 284 494 1467 584">
     <span class='ocr_line' id='line_1_1' title="bbox 284 494 1467 584; baseline -0.003 -14"><span class='ocrx_word' id='word_1_1' title='bbox 284 519 488 584; x_wconf 62' lang='lat' dir='ltr'><strong>&amp;paui-xa]</strong></span> <span class='ocrx_word' id='word_1_2' title='bbox 578 494 598 506; x_wconf 53' lang='lat'><strong>&#39;²</strong></span> <span class='ocrx_word' id='word_1_3' title='bbox 657 520 705 564; x_wconf 85' lang='lat' dir='ltr'><strong>ns</strong></span> <span class='ocrx_word' id='word_1_4' title='bbox 729 517 1088 566; x_wconf 79' lang='lat' dir='ltr'><strong>nuo1soun1anrun.</strong></span> <span class='ocrx_word' id='word_1_5' title='bbox 1426 508 1467 566; x_wconf 81' lang='lat'><strong>83</strong></span> 
     </span>
    </p>
   </div>
   <div class='ocr_carea' id='block_1_2' title="bbox 261 670 1467 2925">
    <p class='ocr_par' dir='ltr' id='par_1_2' title="bbox 261 670 1467 2925">
     <span class='ocr_line' id='line_1_2' title="bbox 265 670 1467 758; baseline 0.002 -22"><span class='ocrx_word' id='word_1_6' title='bbox 265 670 480 736; x_wconf 77' lang='lat' dir='ltr'><strong>intendebant</strong></span> <span class='ocrx_word' id='word_1_7' title='bbox 502 670 624 737; x_wconf 91' lang='lat' dir='ltr'><strong>oculos.</strong></span> <span class='ocrx_word' id='word_1_8' title='bbox 668 671 812 736; x_wconf 81' lang='lat' dir='ltr'><strong>Veniens</strong></span> <span class='ocrx_word' id='word_1_9' title='bbox 830 681 939 737; x_wconf 89' lang='lat' dir='ltr'><strong>autem</strong></span> <span class='ocrx_word' id='word_1_10' title='bbox 961 671 1150 758; x_wconf 85' lang='lat' dir='ltr'><strong>peregrinus</strong></span> <span class='ocrx_word' id='word_1_11' title='bbox 1173 671 1264 758; x_wconf 85' lang='lat' dir='ltr'><strong>quasi</strong></span> <span class='ocrx_word' id='word_1_12' title='bbox 1288 694 1328 737; x_wconf 86' lang='lat' dir='ltr'><strong>ex</strong></span> <span class='ocrx_word' id='word_1_13' title='bbox 1352 672 1467 738; x_wconf 90' lang='lat' dir='ltr'><strong>itinere</strong></span> 
     </span>
     <span class='ocr_line' id='line_1_3' title="bbox 265 774 1466 861; baseline 0.002 -22"><span class='ocrx_word' id='word_1_14' title='bbox 265 777 383 856; x_wconf 85' lang='lat' dir='ltr'><strong>fessus,</strong></span> <span class='ocrx_word' id='word_1_15' title='bbox 397 775 578 860; x_wconf 89' lang='lat' dir='ltr'><strong>hospitium</strong></span> <span class='ocrx_word' id='word_1_16' title='bbox 593 774 655 840; x_wconf 89' lang='lat' dir='ltr'><strong>sibi</strong></span> <span class='ocrx_word' id='word_1_17' title='bbox 669 797 729 860; x_wconf 88' lang='lat' dir='ltr'><strong>pro</strong></span> <span class='ocrx_word' id='word_1_18' title='bbox 745 777 818 840; x_wconf 92' lang='lat' dir='ltr'><strong>Deo</strong></span> <span class='ocrx_word' id='word_1_19' title='bbox 832 777 936 861; x_wconf 90' lang='lat' dir='ltr'><strong>petiit,</strong></span> <span class='ocrx_word' id='word_1_20' title='bbox 949 786 982 840; x_wconf 90' lang='lat' dir='ltr'><strong>et</strong></span> <span class='ocrx_word' id='word_1_21' title='bbox 997 775 1204 840; x_wconf 85' lang='lat' dir='ltr'><strong>devotissime</strong></span> <span class='ocrx_word' id='word_1_22' title='bbox 1220 787 1389 861; x_wconf 90' lang='lat' dir='ltr'><strong>susceptus</strong></span> <span class='ocrx_word' id='word_1_23' title='bbox 1405 786 1466 857; x_wconf 90' lang='lat' dir='ltr'><strong>est,</strong></span> 
     </span>
     <span class='ocr_line' id='line_1_4' title="bbox 266 877 1465 965; baseline 0.001 -23"><span class='ocrx_word' id='word_1_24' title='bbox 266 879 323 964; x_wconf 92' lang='lat' dir='ltr'><strong>qui</strong></span> <span class='ocrx_word' id='word_1_25' title='bbox 346 887 380 942; x_wconf 89' lang='lat' dir='ltr'><strong>et</strong></span> <span class='ocrx_word' id='word_1_26' title='bbox 403 879 525 944; x_wconf 84' lang='lat' dir='ltr'><strong>assedit</strong></span> <span class='ocrx_word' id='word_1_27' title='bbox 548 877 595 943; x_wconf 88' lang='lat' dir='ltr'><strong>eis</strong></span> <span class='ocrx_word' id='word_1_28' title='bbox 619 877 796 956; x_wconf 80' lang='lat' dir='ltr'><strong>excubans,</strong></span> <span class='ocrx_word' id='word_1_29' title='bbox 811 889 844 942; x_wconf 92' lang='lat' dir='ltr'><strong>et</strong></span> <span class='ocrx_word' id='word_1_30' title='bbox 864 899 938 944; x_wconf 90' lang='lat' dir='ltr'><strong>eece</strong></span> <span class='ocrx_word' id='word_1_31' title='bbox 957 887 1035 964; x_wconf 91' lang='lat' dir='ltr'><strong>post</strong></span> <span class='ocrx_word' id='word_1_32' title='bbox 1049 887 1178 943; x_wconf 89' lang='lat' dir='ltr'><strong>noctem</strong></span> <span class='ocrx_word' id='word_1_33' title='bbox 1194 879 1334 942; x_wconf 88' lang='lat' dir='ltr'><strong>mediam</strong></span> <span class='ocrx_word' id='word_1_34' title='bbox 1350 879 1465 965; x_wconf 86' lang='lat' dir='ltr'><strong>sopitis</strong></span> 
     </span>
     <span class='ocr_line' id='line_1_5' title="bbox 266 980 1464 1068; baseline 0 -22"><span class='ocrx_word' id='word_1_35' title='bbox 266 982 419 1047; x_wconf 88' lang='lat' dir='ltr'><strong>omnibus</strong></span> <span class='ocrx_word' id='word_1_36' title='bbox 433 981 504 1047; x_wconf 89' lang='lat' dir='ltr'><strong>aliis</strong></span> <span class='ocrx_word' id='word_1_37' title='bbox 518 980 590 1068; x_wconf 88' lang='lat' dir='ltr'><strong>ipse</strong></span> <span class='ocrx_word' id='word_1_38' title='bbox 601 981 690 1046; x_wconf 89' lang='lat' dir='ltr'><strong>solus</strong></span> <span class='ocrx_word' id='word_1_39' title='bbox 704 980 839 1066; x_wconf 88' lang='lat' dir='ltr'><strong>pervigil</strong></span> <span class='ocrx_word' id='word_1_40' title='bbox 848 981 931 1046; x_wconf 83' lang='lat' dir='ltr'><strong>vidit</strong></span> <span class='ocrx_word' id='word_1_41' title='bbox 943 981 1051 1046; x_wconf 92' lang='lat' dir='ltr'><strong>subito</strong></span> <span class='ocrx_word' id='word_1_42' title='bbox 1063 982 1270 1046; x_wconf 87' lang='lat' dir='ltr'><strong>reverendam</strong></span> <span class='ocrx_word' id='word_1_43' title='bbox 1283 993 1464 1046; x_wconf 87' lang='lat' dir='ltr'><strong>matronam</strong></span> 
     </span>
     <span class='ocr_line' id='line_1_6' title="bbox 266 1071 1463 1170; baseline -0.002 -19"><span class='ocrx_word' id='word_1_44' title='bbox 266 1071 439 1151; x_wconf 76' lang='lat' dir='ltr'><strong>cunabulo¹</strong></span> <span class='ocrx_word' id='word_1_45' title='bbox 454 1085 681 1149; x_wconf 88' lang='lat' dir='ltr'><strong>advenientem</strong></span> <span class='ocrx_word' id='word_1_46' title='bbox 706 1093 740 1148; x_wconf 88' lang='lat' dir='ltr'><strong>et</strong></span> <span class='ocrx_word' id='word_1_47' title='bbox 765 1085 988 1148; x_wconf 84' lang='lat' dir='ltr'><strong>intendentem</strong></span> <span class='ocrx_word' id='word_1_48' title='bbox 1014 1095 1052 1148; x_wconf 92' lang='lat' dir='ltr'><strong>ut</strong></span> <span class='ocrx_word' id='word_1_49' title='bbox 1073 1084 1269 1148; x_wconf 86' lang='lat' dir='ltr'><strong>infantulum</strong></span> <span class='ocrx_word' id='word_1_50' title='bbox 1291 1085 1463 1170; x_wconf 80' lang='lat' dir='ltr'><strong>jugularet.</strong></span> 
     </span>
     <span class='ocr_line' id='line_1_7' title="bbox 267 1187 1464 1274; baseline 0.001 -22"><span class='ocrx_word' id='word_1_51' title='bbox 267 1188 398 1252; x_wconf 81' lang='lat' dir='ltr'><strong>Prosilit</strong></span> <span class='ocrx_word' id='word_1_52' title='bbox 411 1187 510 1274; x_wconf 81' lang='lat' dir='ltr'><strong>igitur</strong></span> <span class='ocrx_word' id='word_1_53' title='bbox 526 1187 662 1273; x_wconf 85' lang='lat' dir='ltr'><strong>impiger</strong></span> <span class='ocrx_word' id='word_1_54' title='bbox 679 1187 743 1262; x_wconf 89' lang='lat' dir='ltr'><strong>ille,</strong></span> <span class='ocrx_word' id='word_1_55' title='bbox 762 1196 915 1272; x_wconf 89' lang='lat' dir='ltr'><strong>tenetque</strong></span> <span class='ocrx_word' id='word_1_56' title='bbox 932 1187 1068 1252; x_wconf 85' lang='lat' dir='ltr'><strong>firmiter</strong></span> <span class='ocrx_word' id='word_1_57' title='bbox 1087 1196 1258 1272; x_wconf 76' lang='lat' dir='ltr'><strong>arreptam,</strong></span> <span class='ocrx_word' id='word_1_58' title='bbox 1274 1188 1377 1253; x_wconf 91' lang='lat' dir='ltr'><strong>donec</strong></span> <span class='ocrx_word' id='word_1_59' title='bbox 1391 1209 1464 1252; x_wconf 90' lang='lat' dir='ltr'><strong>om-</strong></span> 
     </span>
     <span class='ocr_line' id='line_1_8' title="bbox 263 1289 1463 1374; baseline -0.001 -19"><span class='ocrx_word' id='word_1_60' title='bbox 263 1291 362 1356; x_wconf 90' lang='lat' dir='ltr'><strong>nibus</strong></span> <span class='ocrx_word' id='word_1_61' title='bbox 376 1291 523 1355; x_wconf 87' lang='lat' dir='ltr'><strong>excitatis</strong></span> <span class='ocrx_word' id='word_1_62' title='bbox 538 1300 572 1355; x_wconf 90' lang='lat' dir='ltr'><strong>et</strong></span> <span class='ocrx_word' id='word_1_63' title='bbox 586 1290 871 1355; x_wconf 82' lang='lat' dir='ltr'><strong>circumstantibus</strong></span> <span class='ocrx_word' id='word_1_64' title='bbox 888 1313 907 1354; x_wconf 89' lang='lat' dir='ltr'><strong>a</strong></span> <span class='ocrx_word' id='word_1_65' title='bbox 921 1289 1033 1354; x_wconf 89' lang='lat' dir='ltr'><strong>multis</strong></span> <span class='ocrx_word' id='word_1_66' title='bbox 1048 1310 1160 1354; x_wconf 91' lang='lat' dir='ltr'><strong>eorum</strong></span> <span class='ocrx_word' id='word_1_67' title='bbox 1176 1289 1284 1374; x_wconf 86' lang='lat' dir='ltr'><strong>agnita</strong></span> <span class='ocrx_word' id='word_1_68' title='bbox 1298 1299 1359 1369; x_wconf 91' lang='lat' dir='ltr'><strong>est,</strong></span> <span class='ocrx_word' id='word_1_69' title='bbox 1374 1301 1408 1354; x_wconf 89' lang='lat' dir='ltr'><strong>et</strong></span> <span class='ocrx_word' id='word_1_70' title='bbox 1422 1289 1463 1354; x_wconf 91' lang='lat' dir='ltr'><strong>ab</strong></span> 
     </span>
     <span class='ocr_line' id='line_1_9' title="bbox 265 1391 1462 1478; baseline -0.002 -20"><span class='ocrx_word' id='word_1_71' title='bbox 265 1392 417 1458; x_wconf 90' lang='lat' dir='ltr'><strong>omnibus</strong></span> <span class='ocrx_word' id='word_1_72' title='bbox 428 1394 463 1459; x_wconf 91' lang='lat' dir='ltr'><strong>in</strong></span> <span class='ocrx_word' id='word_1_73' title='bbox 472 1393 601 1458; x_wconf 89' lang='lat' dir='ltr'><strong>modico</strong></span> <span class='ocrx_word' id='word_1_74' title='bbox 610 1393 866 1478; x_wconf 90' lang='lat' dir='ltr'><strong>protestantibus</strong></span> <span class='ocrx_word' id='word_1_75' title='bbox 876 1393 979 1478; x_wconf 88' lang='lat' dir='ltr'><strong>ipsam</strong></span> <span class='ocrx_word' id='word_1_76' title='bbox 990 1414 1061 1458; x_wconf 91' lang='lat' dir='ltr'><strong>ese</strong></span> <span class='ocrx_word' id='word_1_77' title='bbox 1071 1391 1306 1457; x_wconf 86' lang='lat' dir='ltr'><strong>nobilissimam</strong></span> <span class='ocrx_word' id='word_1_78' title='bbox 1315 1394 1462 1458; x_wconf 89' lang='lat' dir='ltr'><strong>omnium</strong></span> 
     </span>
     <span class='ocr_line' id='line_1_10' title="bbox 263 1495 1462 1582; baseline -0.001 -20"><span class='ocrx_word' id='word_1_79' title='bbox 263 1498 349 1562; x_wconf 89' lang='lat' dir='ltr'><strong>illius</strong></span> <span class='ocrx_word' id='word_1_80' title='bbox 372 1497 561 1582; x_wconf 88' lang='lat' dir='ltr'><strong>metropolis</strong></span> <span class='ocrx_word' id='word_1_81' title='bbox 586 1506 807 1561; x_wconf 87' lang='lat' dir='ltr'><strong>matronarum</strong></span> <span class='ocrx_word' id='word_1_82' title='bbox 830 1518 956 1581; x_wconf 88' lang='lat' dir='ltr'><strong>genere,</strong></span> <span class='ocrx_word' id='word_1_83' title='bbox 980 1495 1136 1574; x_wconf 89' lang='lat' dir='ltr'><strong>moribus,</strong></span> <span class='ocrx_word' id='word_1_84' title='bbox 1160 1495 1292 1575; x_wconf 87' lang='lat' dir='ltr'><strong>divitiis,</strong></span> <span class='ocrx_word' id='word_1_85' title='bbox 1316 1507 1350 1560; x_wconf 90' lang='lat' dir='ltr'><strong>et</strong></span> <span class='ocrx_word' id='word_1_86' title='bbox 1373 1497 1462 1562; x_wconf 92' lang='lat' dir='ltr'><strong>omni</strong></span> 
     </span>
     <span class='ocr_line' id='line_1_11' title="bbox 262 1599 1461 1688; baseline 0 -22"><span class='ocrx_word' id='word_1_87' title='bbox 262 1603 444 1680; x_wconf 89' lang='lat' dir='ltr'><strong>honestate,</strong></span> <span class='ocrx_word' id='word_1_88' title='bbox 461 1601 517 1665; x_wconf 87' lang='lat' dir='ltr'><strong>sed</strong></span> <span class='ocrx_word' id='word_1_89' title='bbox 532 1601 573 1664; x_wconf 91' lang='lat' dir='ltr'><strong>ad</strong></span> <span class='ocrx_word' id='word_1_90' title='bbox 588 1622 708 1664; x_wconf 90' lang='lat' dir='ltr'><strong>nomen</strong></span> <span class='ocrx_word' id='word_1_91' title='bbox 725 1623 819 1664; x_wconf 89' lang='lat' dir='ltr'><strong>suum</strong></span> <span class='ocrx_word' id='word_1_92' title='bbox 831 1602 871 1665; x_wconf 87' lang='lat' dir='ltr'><strong>ad</strong></span> <span class='ocrx_word' id='word_1_93' title='bbox 884 1599 1079 1688; x_wconf 72' lang='lat' dir='ltr'><strong>quaestiones</strong></span> <span class='ocrx_word' id='word_1_94' title='bbox 1095 1600 1172 1663; x_wconf 83' lang='lat' dir='ltr'><strong>alias</strong></span> <span class='ocrx_word' id='word_1_95' title='bbox 1188 1600 1270 1663; x_wconf 90' lang='lat' dir='ltr'><strong>nihil</strong></span> <span class='ocrx_word' id='word_1_96' title='bbox 1284 1601 1461 1686; x_wconf 86' lang='lat' dir='ltr'><strong>respondit.</strong></span> 
     </span>
     <span class='ocr_line' id='line_1_12' title="bbox 265 1702 1461 1790; baseline -0.003 -18"><span class='ocrx_word' id='word_1_97' title='bbox 265 1705 364 1772; x_wconf 75' lang='lat' dir='ltr'><strong>Quod</strong></span> <span class='ocrx_word' id='word_1_98' title='bbox 376 1715 409 1770; x_wconf 90' lang='lat' dir='ltr'><strong>et</strong></span> <span class='ocrx_word' id='word_1_99' title='bbox 417 1715 510 1790; x_wconf 87' lang='lat' dir='ltr'><strong>pater</strong></span> <span class='ocrx_word' id='word_1_100' title='bbox 517 1705 587 1790; x_wconf 88' lang='lat' dir='ltr'><strong>ipse</strong></span> <span class='ocrx_word' id='word_1_101' title='bbox 599 1703 757 1790; x_wconf 90' lang='lat' dir='ltr'><strong>multique</strong></span> <span class='ocrx_word' id='word_1_102' title='bbox 769 1704 821 1768; x_wconf 92' lang='lat' dir='ltr'><strong>alii</strong></span> <span class='ocrx_word' id='word_1_103' title='bbox 830 1705 947 1789; x_wconf 89' lang='lat' dir='ltr'><strong>pudori</strong></span> <span class='ocrx_word' id='word_1_104' title='bbox 957 1703 1120 1767; x_wconf 87' lang='lat' dir='ltr'><strong>ascribens</strong></span> <span class='ocrx_word' id='word_1_105' title='bbox 1129 1702 1171 1766; x_wconf 95' lang='lat' dir='ltr'><strong>ob</strong></span> <span class='ocrx_word' id='word_1_106' title='bbox 1181 1703 1461 1788; x_wconf 86' lang='lat' dir='ltr'><strong>interceptionem,</strong></span> 
     </span>
     <span class='ocr_line' id='line_1_13' title="bbox 264 1806 1461 1893; baseline 0.002 -23"><span class='ocrx_word' id='word_1_107' title='bbox 264 1809 464 1893; x_wconf 87' lang='lat' dir='ltr'><strong>suadentque</strong></span> <span class='ocrx_word' id='word_1_108' title='bbox 479 1809 611 1887; x_wconf 87' lang='lat' dir='ltr'><strong>dimitti,</strong></span> <span class='ocrx_word' id='word_1_109' title='bbox 625 1808 680 1872; x_wconf 92' lang='lat' dir='ltr'><strong>ille</strong></span> <span class='ocrx_word' id='word_1_110' title='bbox 694 1817 881 1872; x_wconf 87' lang='lat' dir='ltr'><strong>constanter</strong></span> <span class='ocrx_word' id='word_1_111' title='bbox 895 1807 1010 1872; x_wconf 89' lang='lat' dir='ltr'><strong>asserit</strong></span> <span class='ocrx_word' id='word_1_112' title='bbox 1021 1806 1202 1871; x_wconf 82' lang='lat' dir='ltr'><strong>daemonem</strong></span> <span class='ocrx_word' id='word_1_113' title='bbox 1215 1828 1296 1886; x_wconf 90' lang='lat' dir='ltr'><strong>esse,</strong></span> <span class='ocrx_word' id='word_1_114' title='bbox 1308 1817 1461 1893; x_wconf 89' lang='lat' dir='ltr'><strong>tenetque</strong></span> 
     </span>
     <span class='ocr_line' id='line_1_14' title="bbox 262 1909 1461 1996; baseline 0.002 -22"><span class='ocrx_word' id='word_1_115' title='bbox 262 1909 407 1991; x_wconf 85' lang='lat' dir='ltr'><strong>firmiter,</strong></span> <span class='ocrx_word' id='word_1_116' title='bbox 427 1921 461 1975; x_wconf 88' lang='lat' dir='ltr'><strong>et</strong></span> <span class='ocrx_word' id='word_1_117' title='bbox 482 1933 547 1976; x_wconf 86' lang='lat' dir='ltr'><strong>una</strong></span> <span class='ocrx_word' id='word_1_118' title='bbox 566 1911 704 1976; x_wconf 90' lang='lat' dir='ltr'><strong>clavium</strong></span> <span class='ocrx_word' id='word_1_119' title='bbox 727 1911 852 1976; x_wconf 76' lang='lat' dir='ltr'><strong>culerire</strong></span> <span class='ocrx_word' id='word_1_120' title='bbox 873 1910 1028 1996; x_wconf 77' lang='lat' dir='ltr'><strong>proximae</strong></span> <span class='ocrx_word' id='word_1_121' title='bbox 1048 1910 1163 1974; x_wconf 86' lang='lat' dir='ltr'><strong>faciem</strong></span> <span class='ocrx_word' id='word_1_122' title='bbox 1184 1910 1226 1974; x_wconf 91' lang='lat' dir='ltr'><strong>ad</strong></span> <span class='ocrx_word' id='word_1_123' title='bbox 1246 1910 1315 1994; x_wconf 90' lang='lat' dir='ltr'><strong>ejus</strong></span> <span class='ocrx_word' id='word_1_124' title='bbox 1331 1911 1461 1976; x_wconf 74' lang='lat' dir='ltr'><strong>malitiae</strong></span> 
     </span>
     <span class='ocr_line' id='line_1_15' title="bbox 263 2012 1461 2100; baseline -0.002 -20"><span class='ocrx_word' id='word_1_125' title='bbox 263 2015 392 2100; x_wconf 87' lang='lat' dir='ltr'><strong>signum</strong></span> <span class='ocrx_word' id='word_1_126' title='bbox 412 2013 528 2092; x_wconf 82' lang='lat' dir='ltr'><strong>exurit,</strong></span> <span class='ocrx_word' id='word_1_127' title='bbox 543 2022 577 2078; x_wconf 86' lang='lat' dir='ltr'><strong>et</strong></span> <span class='ocrx_word' id='word_1_128' title='bbox 596 2012 742 2098; x_wconf 75' lang='lat' dir='ltr'><strong>praecipit</strong></span> <span class='ocrx_word' id='word_1_129' title='bbox 760 2013 865 2097; x_wconf 85' lang='lat' dir='ltr'><strong>ipsam</strong></span> <span class='ocrx_word' id='word_1_130' title='bbox 886 2013 948 2077; x_wconf 89' lang='lat' dir='ltr'><strong>sibi</strong></span> <span class='ocrx_word' id='word_1_131' title='bbox 968 2012 1033 2077; x_wconf 92' lang='lat' dir='ltr'><strong>cito</strong></span> <span class='ocrx_word' id='word_1_132' title='bbox 1048 2013 1163 2076; x_wconf 87' lang='lat' dir='ltr'><strong>adduci</strong></span> <span class='ocrx_word' id='word_1_133' title='bbox 1179 2035 1274 2097; x_wconf 87' lang='lat' dir='ltr'><strong>quarn</strong></span> <span class='ocrx_word' id='word_1_134' title='bbox 1287 2014 1461 2099; x_wconf 82' lang='lat' dir='ltr'><strong>opinantur</strong></span> 
     </span>
     <span class='ocr_line' id='line_1_16' title="bbox 262 2114 1461 2202; baseline -0.002 -20"><span class='ocrx_word' id='word_1_135' title='bbox 262 2119 347 2183; x_wconf 89' lang='lat' dir='ltr'><strong>hanc</strong></span> <span class='ocrx_word' id='word_1_136' title='bbox 369 2139 450 2196; x_wconf 89' lang='lat' dir='ltr'><strong>esse,</strong></span> <span class='ocrx_word' id='word_1_137' title='bbox 473 2139 544 2202; x_wconf 83' lang='lat' dir='ltr'><strong>quoe</strong></span> <span class='ocrx_word' id='word_1_138' title='bbox 568 2117 646 2181; x_wconf 90' lang='lat' dir='ltr'><strong>dum</strong></span> <span class='ocrx_word' id='word_1_139' title='bbox 666 2117 762 2180; x_wconf 89' lang='lat' dir='ltr'><strong>istam</strong></span> <span class='ocrx_word' id='word_1_140' title='bbox 783 2124 874 2180; x_wconf 93' lang='lat' dir='ltr'><strong>tenet</strong></span> <span class='ocrx_word' id='word_1_141' title='bbox 895 2115 1075 2193; x_wconf 83' lang='lat' dir='ltr'><strong>adducitur,</strong></span> <span class='ocrx_word' id='word_1_142' title='bbox 1092 2114 1250 2199; x_wconf 91' lang='lat' dir='ltr'><strong>simulque</strong></span> <span class='ocrx_word' id='word_1_143' title='bbox 1272 2136 1330 2200; x_wconf 90' lang='lat' dir='ltr'><strong>per</strong></span> <span class='ocrx_word' id='word_1_144' title='bbox 1352 2116 1461 2180; x_wconf 88' lang='lat' dir='ltr'><strong>omnia</strong></span> 
     </span>
     <span class='ocr_line' id='line_1_17' title="bbox 262 2216 1461 2307; baseline -0.003 -22"><span class='ocrx_word' id='word_1_145' title='bbox 262 2231 366 2307; x_wconf 67' lang='lat' dir='ltr'><strong>capte</strong></span> <span class='ocrx_word' id='word_1_146' title='bbox 381 2220 529 2285; x_wconf 89' lang='lat' dir='ltr'><strong>similiter</strong></span> <span class='ocrx_word' id='word_1_147' title='bbox 542 2219 639 2285; x_wconf 87' lang='lat' dir='ltr'><strong>etiarn</strong></span> <span class='ocrx_word' id='word_1_148' title='bbox 654 2228 769 2284; x_wconf 71' lang='lat' dir='ltr'><strong>exarata</strong></span> <span class='ocrx_word' id='word_1_149' title='bbox 782 2218 920 2283; x_wconf 89' lang='lat' dir='ltr'><strong>videtur.</strong></span> <span class='ocrx_word' id='word_1_150' title='bbox 964 2217 1056 2282; x_wconf 91' lang='lat' dir='ltr'><strong>Dicit</strong></span> <span class='ocrx_word' id='word_1_151' title='bbox 1070 2238 1145 2302; x_wconf 86' lang='lat' dir='ltr'><strong>ergo</strong></span> <span class='ocrx_word' id='word_1_152' title='bbox 1156 2216 1343 2301; x_wconf 87' lang='lat' dir='ltr'><strong>peregrinus</strong></span> <span class='ocrx_word' id='word_1_153' title='bbox 1358 2218 1461 2281; x_wconf 88' lang='lat' dir='ltr'><strong>admi-</strong></span> 
     </span>
     <span class='ocr_line' id='line_1_18' title="bbox 262 2319 1461 2407; baseline -0.004 -18"><span class='ocrx_word' id='word_1_154' title='bbox 262 2319 1461 2407; x_wconf 84' lang='lat' dir='ltr'><strong>rantibusetstupidis,“HancqneanuncadvenitoptimamsperoDeoque</strong></span> 
     </span>
     <span class='ocr_line' id='line_1_19' title="bbox 263 2423 1461 2508; baseline -0.003 -16"><span class='ocrx_word' id='word_1_155' title='bbox 263 2428 423 2506; x_wconf 85' lang='lat' dir='ltr'><strong>dilectam,</strong></span> <span class='ocrx_word' id='word_1_156' title='bbox 434 2433 468 2490; x_wconf 93' lang='lat' dir='ltr'><strong>et</strong></span> <span class='ocrx_word' id='word_1_157' title='bbox 481 2424 576 2489; x_wconf 91' lang='lat' dir='ltr'><strong>bonis</strong></span> <span class='ocrx_word' id='word_1_158' title='bbox 592 2423 743 2508; x_wconf 90' lang='lat' dir='ltr'><strong>operibus</strong></span> <span class='ocrx_word' id='word_1_159' title='bbox 765 2423 919 2486; x_wconf 90' lang='lat' dir='ltr'><strong>invidiam</strong></span> <span class='ocrx_word' id='word_1_160' title='bbox 942 2424 1128 2487; x_wconf 75' lang='lat' dir='ltr'><strong>daemonum</strong></span> <span class='ocrx_word' id='word_1_161' title='bbox 1149 2423 1184 2485; x_wconf 90' lang='lat' dir='ltr'><strong>in</strong></span> <span class='ocrx_word' id='word_1_162' title='bbox 1200 2444 1234 2487; x_wconf 91' lang='lat' dir='ltr'><strong>se</strong></span> <span class='ocrx_word' id='word_1_163' title='bbox 1257 2444 1461 2508; x_wconf 88' lang='lat' dir='ltr'><strong>provocasse,</strong></span> 
     </span>
     <span class='ocr_line' id='line_1_20' title="bbox 261 2525 1461 2611; baseline -0.003 -16"><span class='ocrx_word' id='word_1_164' title='bbox 261 2530 349 2595; x_wconf 88' lang='lat' dir='ltr'><strong>unde</strong></span> <span class='ocrx_word' id='word_1_165' title='bbox 364 2539 398 2594; x_wconf 91' lang='lat' dir='ltr'><strong>et</strong></span> <span class='ocrx_word' id='word_1_166' title='bbox 419 2529 488 2593; x_wconf 88' lang='lat' dir='ltr'><strong>haec</strong></span> <span class='ocrx_word' id='word_1_167' title='bbox 504 2546 614 2592; x_wconf 89' lang='lat' dir='ltr'><strong>eorum</strong></span> <span class='ocrx_word' id='word_1_168' title='bbox 630 2526 748 2590; x_wconf 90' lang='lat' dir='ltr'><strong>nuncia</strong></span> <span class='ocrx_word' id='word_1_169' title='bbox 763 2547 902 2611; x_wconf 90' lang='lat' dir='ltr'><strong>nequam</strong></span> <span class='ocrx_word' id='word_1_170' title='bbox 917 2536 950 2590; x_wconf 91' lang='lat' dir='ltr'><strong>et</strong></span> <span class='ocrx_word' id='word_1_171' title='bbox 965 2526 1129 2591; x_wconf 79' lang='lat' dir='ltr'><strong>enecatrix</strong></span> <span class='ocrx_word' id='word_1_172' title='bbox 1142 2525 1262 2590; x_wconf 89' lang='lat' dir='ltr'><strong>irarum</strong></span> <span class='ocrx_word' id='word_1_173' title='bbox 1277 2526 1352 2590; x_wconf 91' lang='lat' dir='ltr'><strong>huic</strong></span> <span class='ocrx_word' id='word_1_174' title='bbox 1365 2526 1461 2592; x_wconf 76' lang='lat' dir='ltr'><strong>bonae</strong></span> 
     </span>
     <span class='ocr_line' id='line_1_21' title="bbox 263 2628 1461 2718; baseline -0.001 -21"><span class='ocrx_word' id='word_1_175' title='bbox 263 2642 419 2718; x_wconf 88' lang='lat' dir='ltr'><strong>quantum</strong></span> <span class='ocrx_word' id='word_1_176' title='bbox 435 2632 464 2696; x_wconf 91' lang='lat' dir='ltr'><strong>ei</strong></span> <span class='ocrx_word' id='word_1_177' title='bbox 475 2629 566 2695; x_wconf 93' lang='lat' dir='ltr'><strong>licuit</strong></span> <span class='ocrx_word' id='word_1_178' title='bbox 574 2628 678 2693; x_wconf 87' lang='lat' dir='ltr'><strong>invisa</strong></span> <span class='ocrx_word' id='word_1_179' title='bbox 691 2628 867 2716; x_wconf 88' lang='lat' dir='ltr'><strong>similisque</strong></span> <span class='ocrx_word' id='word_1_180' title='bbox 879 2631 962 2696; x_wconf 81' lang='lat' dir='ltr'><strong>lacta</strong></span> <span class='ocrx_word' id='word_1_181' title='bbox 976 2639 1036 2709; x_wconf 86' lang='lat' dir='ltr'><strong>est,</strong></span> <span class='ocrx_word' id='word_1_182' title='bbox 1049 2638 1087 2695; x_wconf 93' lang='lat' dir='ltr'><strong>ut</strong></span> <span class='ocrx_word' id='word_1_183' title='bbox 1097 2629 1265 2694; x_wconf 87' lang='lat' dir='ltr'><strong>infamium</strong></span> <span class='ocrx_word' id='word_1_184' title='bbox 1278 2630 1382 2715; x_wconf 76' lang='lat' dir='ltr'><strong>culpae</strong></span> <span class='ocrx_word' id='word_1_185' title='bbox 1394 2653 1461 2696; x_wconf 82' lang='lat' dir='ltr'><strong>suoe</strong></span> 
     </span>
     <span class='ocr_line' id='line_1_22' title="bbox 262 2732 1461 2820; baseline -0.003 -19"><span class='ocrx_word' id='word_1_186' title='bbox 262 2737 413 2801; x_wconf 81' lang='lat' dir='ltr'><strong>refundat</strong></span> <span class='ocrx_word' id='word_1_187' title='bbox 425 2736 460 2799; x_wconf 91' lang='lat' dir='ltr'><strong>in</strong></span> <span class='ocrx_word' id='word_1_188' title='bbox 475 2735 581 2800; x_wconf 87' lang='lat' dir='ltr'><strong>istam.</strong></span> <span class='ocrx_word' id='word_1_189' title='bbox 628 2732 726 2799; x_wconf 74' lang='lat' dir='ltr'><strong>Quod</strong></span> <span class='ocrx_word' id='word_1_190' title='bbox 741 2743 780 2797; x_wconf 91' lang='lat' dir='ltr'><strong>ut</strong></span> <span class='ocrx_word' id='word_1_191' title='bbox 794 2733 931 2798; x_wconf 88' lang='lat' dir='ltr'><strong>credatis</strong></span> <span class='ocrx_word' id='word_1_192' title='bbox 946 2734 1053 2800; x_wconf 91' lang='lat' dir='ltr'><strong>videte</strong></span> <span class='ocrx_word' id='word_1_193' title='bbox 1074 2733 1151 2820; x_wconf 91' lang='lat' dir='ltr'><strong>quid</strong></span> <span class='ocrx_word' id='word_1_194' title='bbox 1175 2733 1309 2798; x_wconf 89' lang='lat' dir='ltr'><strong>dimissa</strong></span> <span class='ocrx_word' id='word_1_195' title='bbox 1331 2733 1461 2798; x_wconf 81' lang='lat' dir='ltr'><strong>iaciet.&#39;&#39;</strong></span> 
     </span>
     <span class='ocr_line' id='line_1_23' title="bbox 262 2835 1380 2925; baseline -0.003 -21"><span class='ocrx_word' id='word_1_196' title='bbox 262 2840 309 2904; x_wconf 90' lang='lat' dir='ltr'><strong>At</strong></span> <span class='ocrx_word' id='word_1_197' title='bbox 323 2839 377 2904; x_wconf 93' lang='lat' dir='ltr'><strong>illa</strong></span> <span class='ocrx_word' id='word_1_198' title='bbox 391 2860 449 2925; x_wconf 88' lang='lat' dir='ltr'><strong>per</strong></span> <span class='ocrx_word' id='word_1_199' title='bbox 463 2839 637 2904; x_wconf 77' lang='lat' dir='ltr'><strong>fenestram</strong></span> <span class='ocrx_word' id='word_1_200' title='bbox 653 2836 792 2901; x_wconf 85' lang='lat' dir='ltr'><strong>avolavit</strong></span> <span class='ocrx_word' id='word_1_201' title='bbox 806 2859 882 2901; x_wconf 89' lang='lat' dir='ltr'><strong>cum</strong></span> <span class='ocrx_word' id='word_1_202' title='bbox 897 2837 1029 2922; x_wconf 90' lang='lat' dir='ltr'><strong>planctu</strong></span> <span class='ocrx_word' id='word_1_203' title='bbox 1044 2847 1078 2902; x_wconf 90' lang='lat' dir='ltr'><strong>et</strong></span> <span class='ocrx_word' id='word_1_204' title='bbox 1092 2837 1120 2921; x_wconf 90' lang='lat' dir='ltr'><strong>ej</strong></span> <span class='ocrx_word' id='word_1_205' title='bbox 1126 2837 1214 2901; x_wconf 87' lang='lat' dir='ltr'><strong>ulatu</strong></span> <span class='ocrx_word' id='word_1_206' title='bbox 1229 2835 1380 2901; x_wconf 85' lang='lat' dir='ltr'><strong>maximo.</strong></span> 
     </span>
    </p>
   </div>
   <div class='ocr_carea' id='block_1_3' title="bbox 547 3011 1179 3093">
    <p class='ocr_par' dir='ltr' id='par_1_3' title="bbox 547 3011 1179 3093">
     <span class='ocr_line' id='line_1_24' title="bbox 547 3011 1179 3093; baseline 0 -19"><span class='ocrx_word' id='word_1_207' title='bbox 547 3013 626 3074; x_wconf 83' lang='lat' dir='ltr'><strong>Item</strong></span> <span class='ocrx_word' id='word_1_208' title='bbox 641 3011 679 3074; x_wconf 83' lang='lat' dir='ltr'><strong>dc</strong></span> <span class='ocrx_word' id='word_1_209' title='bbox 693 3011 807 3074; x_wconf 64' lang='lat' dir='ltr'><strong>endem</strong></span> <span class='ocrx_word' id='word_1_210' title='bbox 823 3011 1081 3093; x_wconf 74' lang='lat' dir='ltr'><strong>apparitionibus.</strong></span> <span class='ocrx_word' id='word_1_211' title='bbox 1125 3033 1179 3074; x_wconf 85' lang='lat' dir='ltr'><strong>xv.</strong></span> 
     </span>
    </p>
   </div>
   <div class='ocr_carea' id='block_1_4' title="bbox 260 3136 1461 3740">
    <p class='ocr_par' dir='ltr' id='par_1_4' title="bbox 260 3136 1461 3740">
     <span class='ocr_line' id='line_1_25' title="bbox 306 3136 1460 3224; baseline -0.003 -18"><span class='ocrx_word' id='word_1_212' title='bbox 306 3140 404 3206; x_wconf 77' lang='lat' dir='ltr'><strong>Quod</strong></span> <span class='ocrx_word' id='word_1_213' title='bbox 420 3160 516 3224; x_wconf 88' lang='lat' dir='ltr'><strong>super</strong></span> <span class='ocrx_word' id='word_1_214' title='bbox 530 3137 582 3202; x_wconf 90' lang='lat' dir='ltr'><strong>his</strong></span> <span class='ocrx_word' id='word_1_215' title='bbox 597 3146 631 3202; x_wconf 90' lang='lat' dir='ltr'><strong>et</strong></span> <span class='ocrx_word' id='word_1_216' title='bbox 645 3136 833 3221; x_wconf 87' lang='lat' dir='ltr'><strong>hujusmodi</strong></span> <span class='ocrx_word' id='word_1_217' title='bbox 856 3137 1040 3217; x_wconf 88' lang='lat' dir='ltr'><strong>dicendum,</strong></span> <span class='ocrx_word' id='word_1_218' title='bbox 1066 3137 1186 3202; x_wconf 90' lang='lat' dir='ltr'><strong>Paulus</strong></span> <span class='ocrx_word' id='word_1_219' title='bbox 1211 3147 1245 3203; x_wconf 91' lang='lat' dir='ltr'><strong>et</strong></span> <span class='ocrx_word' id='word_1_220' title='bbox 1269 3136 1460 3202; x_wconf 85' lang='lat' dir='ltr'><strong>Antonius*</strong></span> 
     </span>
     <span class='ocr_line' id='line_1_26' title="bbox 261 3240 1460 3326; baseline -0.002 -20"><span class='ocrx_word' id='word_1_221' title='bbox 261 3252 348 3308; x_wconf 89' lang='lat' dir='ltr'><strong>recte</strong></span> <span class='ocrx_word' id='word_1_222' title='bbox 362 3243 441 3308; x_wconf 90' lang='lat' dir='ltr'><strong>dicti</strong></span> <span class='ocrx_word' id='word_1_223' title='bbox 456 3243 607 3320; x_wconf 74' lang='lat' dir='ltr'><strong>eremitae,</strong></span> <span class='ocrx_word' id='word_1_224' title='bbox 631 3241 707 3326; x_wconf 90' lang='lat' dir='ltr'><strong>quia</strong></span> <span class='ocrx_word' id='word_1_225' title='bbox 720 3240 804 3305; x_wconf 87' lang='lat' dir='ltr'><strong>vasti</strong></span> <span class='ocrx_word' id='word_1_226' title='bbox 822 3241 918 3304; x_wconf 91' lang='lat' dir='ltr'><strong>nimis</strong></span> <span class='ocrx_word' id='word_1_227' title='bbox 939 3241 1039 3306; x_wconf 89' lang='lat' dir='ltr'><strong>eremi</strong></span> <span class='ocrx_word' id='word_1_228' title='bbox 1049 3242 1195 3325; x_wconf 88' lang='lat' dir='ltr'><strong>palantes</strong></span> <span class='ocrx_word' id='word_1_229' title='bbox 1210 3241 1335 3319; x_wconf 78' lang='lat' dir='ltr'><strong>incolae,</strong></span> <span class='ocrx_word' id='word_1_230' title='bbox 1350 3242 1460 3305; x_wconf 91' lang='lat' dir='ltr'><strong>Deum</strong></span> 
     </span>
     <span class='ocr_line' id='line_1_27' title="bbox 261 3343 1461 3430; baseline -0.003 -21"><span class='ocrx_word' id='word_1_231' title='bbox 261 3346 296 3409; x_wconf 90' lang='lat' dir='ltr'><strong>in</strong></span> <span class='ocrx_word' id='word_1_232' title='bbox 306 3345 479 3411; x_wconf 90' lang='lat' dir='ltr'><strong>solitudine</strong></span> <span class='ocrx_word' id='word_1_233' title='bbox 491 3344 595 3408; x_wconf 91' lang='lat' dir='ltr'><strong>solum</strong></span> <span class='ocrx_word' id='word_1_234' title='bbox 607 3343 812 3430; x_wconf 82' lang='lat' dir='ltr'><strong>quaerebant;</strong></span> <span class='ocrx_word' id='word_1_235' title='bbox 823 3343 962 3408; x_wconf 89' lang='lat' dir='ltr'><strong>invicem</strong></span> <span class='ocrx_word' id='word_1_236' title='bbox 972 3345 1084 3430; x_wconf 86' lang='lat' dir='ltr'><strong>ignoti,</strong></span> <span class='ocrx_word' id='word_1_237' title='bbox 1096 3343 1255 3408; x_wconf 87' lang='lat' dir='ltr'><strong>admoniti</strong></span> <span class='ocrx_word' id='word_1_238' title='bbox 1266 3344 1384 3407; x_wconf 91' lang='lat' dir='ltr'><strong>suntin</strong></span> <span class='ocrx_word' id='word_1_239' title='bbox 1395 3343 1461 3428; x_wconf 89' lang='lat' dir='ltr'><strong>spi-</strong></span> 
     </span>
     <span class='ocr_line' id='line_1_28' title="bbox 260 3446 1461 3532; baseline -0.005 -20"><span class='ocrx_word' id='word_1_240' title='bbox 260 3449 326 3513; x_wconf 88' lang='lat' dir='ltr'><strong>ritu</strong></span> <span class='ocrx_word' id='word_1_241' title='bbox 341 3449 394 3511; x_wconf 90' lang='lat' dir='ltr'><strong>hic</strong></span> <span class='ocrx_word' id='word_1_242' title='bbox 407 3449 527 3531; x_wconf 89' lang='lat' dir='ltr'><strong>hospes</strong></span> <span class='ocrx_word' id='word_1_243' title='bbox 549 3447 629 3525; x_wconf 90' lang='lat' dir='ltr'><strong>fieri,</strong></span> <span class='ocrx_word' id='word_1_244' title='bbox 644 3447 820 3511; x_wconf 86' lang='lat' dir='ltr'><strong>adveniens</strong></span> <span class='ocrx_word' id='word_1_245' title='bbox 835 3447 899 3525; x_wconf 93' lang='lat' dir='ltr'><strong>ille,</strong></span> <span class='ocrx_word' id='word_1_246' title='bbox 924 3446 1103 3532; x_wconf 88' lang='lat' dir='ltr'><strong>suscipiens</strong></span> <span class='ocrx_word' id='word_1_247' title='bbox 1118 3446 1182 3526; x_wconf 88' lang='lat' dir='ltr'><strong>hic,</strong></span> <span class='ocrx_word' id='word_1_248' title='bbox 1206 3454 1389 3528; x_wconf 87' lang='lat' dir='ltr'><strong>aspectatus</strong></span> <span class='ocrx_word' id='word_1_249' title='bbox 1405 3465 1461 3507; x_wconf 82' lang='lat' dir='ltr'><strong>ex-</strong></span> 
     </span>
     <span class='ocr_line' id='line_1_29' title="bbox 261 3547 1461 3638; baseline -0.003 -24"><span class='ocrx_word' id='word_1_250' title='bbox 261 3559 407 3638; x_wconf 88' lang='lat' dir='ltr'><strong>pectans,</strong></span> <span class='ocrx_word' id='word_1_251' title='bbox 421 3550 475 3613; x_wconf 91' lang='lat' dir='ltr'><strong>ille</strong></span> <span class='ocrx_word' id='word_1_252' title='bbox 489 3549 633 3613; x_wconf 80' lang='lat' dir='ltr'><strong>venienti</strong></span> <span class='ocrx_word' id='word_1_253' title='bbox 647 3559 756 3613; x_wconf 90' lang='lat' dir='ltr'><strong>autem</strong></span> <span class='ocrx_word' id='word_1_254' title='bbox 771 3558 805 3613; x_wconf 91' lang='lat' dir='ltr'><strong>et</strong></span> <span class='ocrx_word' id='word_1_255' title='bbox 820 3550 860 3613; x_wconf 93' lang='lat' dir='ltr'><strong>de</strong></span> <span class='ocrx_word' id='word_1_256' title='bbox 874 3550 927 3614; x_wconf 87' lang='lat' dir='ltr'><strong>via</strong></span> <span class='ocrx_word' id='word_1_257' title='bbox 943 3547 1116 3624; x_wconf 88' lang='lat' dir='ltr'><strong>dubitanti,</strong></span> <span class='ocrx_word' id='word_1_258' title='bbox 1132 3570 1149 3612; x_wconf 92' lang='lat' dir='ltr'><strong>e</strong></span> <span class='ocrx_word' id='word_1_259' title='bbox 1169 3557 1353 3612; x_wconf 86' lang='lat' dir='ltr'><strong>transverso</strong></span> <span class='ocrx_word' id='word_1_260' title='bbox 1368 3547 1461 3611; x_wconf 89' lang='lat' dir='ltr'><strong>affuit</strong></span> 
     </span>
     <span class='ocr_line' id='line_1_30' title="bbox 260 3649 1460 3740; baseline -0.004 -21"><span class='ocrx_word' id='word_1_261' title='bbox 260 3674 393 3720; x_wconf 86' lang='lat' dir='ltr'><strong>currens</strong></span> <span class='ocrx_word' id='word_1_262' title='bbox 417 3661 599 3730; x_wconf 86' lang='lat' dir='ltr'><strong>centaurus,</strong></span> <span class='ocrx_word' id='word_1_263' title='bbox 622 3651 891 3740; x_wconf 88' lang='lat' dir='ltr'><strong>animalduplex,</strong></span> <span class='ocrx_word' id='word_1_264' title='bbox 915 3652 1014 3716; x_wconf 89' lang='lat' dir='ltr'><strong>homo</strong></span> <span class='ocrx_word' id='word_1_265' title='bbox 1041 3651 1081 3714; x_wconf 90' lang='lat' dir='ltr'><strong>ab</strong></span> <span class='ocrx_word' id='word_1_266' title='bbox 1108 3651 1174 3715; x_wconf 90' lang='lat' dir='ltr'><strong>imo</strong></span> <span class='ocrx_word' id='word_1_267' title='bbox 1190 3649 1341 3735; x_wconf 88' lang='lat' dir='ltr'><strong>pectoris,</strong></span> <span class='ocrx_word' id='word_1_268' title='bbox 1356 3669 1460 3734; x_wconf 88' lang='lat' dir='ltr'><strong>equus</strong></span> 
     </span>
    </p>
   </div>
   <div class='ocr_carea' id='block_1_5' title="bbox 262 3832 1459 4062">
    <p class='ocr_par' dir='ltr' id='par_1_5' title="bbox 262 3832 1459 4062">
     <span class='ocr_line' id='line_1_31' title="bbox 294 3832 1459 3900; baseline -0.003 -13"><span class='ocrx_word' id='word_1_269' title='bbox 294 3841 309 3870; x_wconf 69' lang='lat'><em>⁶</em></span> <span class='ocrx_word' id='word_1_270' title='bbox 326 3838 379 3887; x_wconf 88' lang='lat' dir='ltr'><strong>Tha</strong></span> <span class='ocrx_word' id='word_1_271' title='bbox 390 3843 458 3900; x_wconf 78' lang='lat' dir='ltr'><strong>story</strong></span> <span class='ocrx_word' id='word_1_272' title='bbox 469 3837 548 3887; x_wconf 79' lang='lat' dir='ltr'><strong>which</strong></span> <span class='ocrx_word' id='word_1_273' title='bbox 564 3837 641 3886; x_wconf 78' lang='lat' dir='ltr'><strong>forms</strong></span> <span class='ocrx_word' id='word_1_274' title='bbox 657 3837 700 3887; x_wconf 83' lang='lat' dir='ltr'><strong>the</strong></span> <span class='ocrx_word' id='word_1_275' title='bbox 711 3832 807 3898; x_wconf 87' lang='lat' dir='ltr'><strong>subject</strong></span> <span class='ocrx_word' id='word_1_276' title='bbox 818 3837 847 3886; x_wconf 80' lang='lat' dir='ltr'><strong>of</strong></span> <span class='ocrx_word' id='word_1_277' title='bbox 877 3836 906 3885; x_wconf 80' lang='lat' dir='ltr'><strong>of</strong></span> <span class='ocrx_word' id='word_1_278' title='bbox 914 3836 957 3884; x_wconf 86' lang='lat' dir='ltr'><strong>the</strong></span> <span class='ocrx_word' id='word_1_279' title='bbox 969 3835 1130 3896; x_wconf 85' lang='lat' dir='ltr'><strong>Bollandists,</strong></span> <span class='ocrx_word' id='word_1_280' title='bbox 1142 3835 1247 3885; x_wconf 88' lang='lat' dir='ltr'><strong>Januar.</strong></span> <span class='ocrx_word' id='word_1_281' title='bbox 1260 3837 1321 3883; x_wconf 88' lang='lat' dir='ltr'><strong>tom.</strong></span> <span class='ocrx_word' id='word_1_282' title='bbox 1331 3833 1347 3883; x_wconf 88' lang='lat' dir='ltr'><strong>i.</strong></span> <span class='ocrx_word' id='word_1_283' title='bbox 1358 3849 1402 3899; x_wconf 84' lang='lat' dir='ltr'><strong>pp.</strong></span> <span class='ocrx_word' id='word_1_284' title='bbox 1412 3835 1459 3884; x_wconf 78' lang='lat'><strong>60³</strong></span> 
     </span>
     <span class='ocr_line' id='line_1_32' title="bbox 262 3916 995 3984; baseline -0.008 -14"><span class='ocrx_word' id='word_1_285' title='bbox 262 3921 312 3970; x_wconf 86' lang='lat' dir='ltr'><strong>tbis</strong></span> <span class='ocrx_word' id='word_1_286' title='bbox 325 3922 426 3984; x_wconf 89' lang='lat' dir='ltr'><strong>chapter</strong></span> <span class='ocrx_word' id='word_1_287' title='bbox 437 3921 487 3969; x_wconf 73' lang='lat' dir='ltr'><strong>will</strong></span> <span class='ocrx_word' id='word_1_288' title='bbox 497 3921 529 3970; x_wconf 87' lang='lat' dir='ltr'><strong>be</strong></span> <span class='ocrx_word' id='word_1_289' title='bbox 547 3920 623 3970; x_wconf 76' lang='lat' dir='ltr'><strong>found</strong></span> <span class='ocrx_word' id='word_1_290' title='bbox 640 3921 666 3969; x_wconf 83' lang='lat' dir='ltr'><strong>in</strong></span> <span class='ocrx_word' id='word_1_291' title='bbox 682 3920 725 3968; x_wconf 88' lang='lat' dir='ltr'><strong>tha</strong></span> <span class='ocrx_word' id='word_1_292' title='bbox 741 3920 802 3968; x_wconf 84' lang='lat' dir='ltr'><strong>lires</strong></span> <span class='ocrx_word' id='word_1_293' title='bbox 818 3920 847 3969; x_wconf 81' lang='lat' dir='ltr'><strong>ol</strong></span> <span class='ocrx_word' id='word_1_294' title='bbox 877 3918 924 3965; x_wconf 85' lang='lat' dir='ltr'><strong>and</strong></span> <span class='ocrx_word' id='word_1_295' title='bbox 938 3916 995 3965; x_wconf 83' lang='lat'><strong>605.</strong></span> 
     </span>
     <span class='ocr_line' id='line_1_33' title="bbox 263 4002 842 4062; baseline -0.003 -9"><span class='ocrx_word' id='word_1_296' title='bbox 263 4003 324 4053; x_wconf 87' lang='lat' dir='ltr'><strong>Paul</strong></span> <span class='ocrx_word' id='word_1_297' title='bbox 341 4003 382 4053; x_wconf 83' lang='lat' dir='ltr'><strong>the</strong></span> <span class='ocrx_word' id='word_1_298' title='bbox 401 4003 509 4062; x_wconf 86' lang='lat' dir='ltr'><strong>Hermit,</strong></span> <span class='ocrx_word' id='word_1_299' title='bbox 528 4005 554 4053; x_wconf 91' lang='lat' dir='ltr'><strong>in</strong></span> <span class='ocrx_word' id='word_1_300' title='bbox 566 4003 608 4052; x_wconf 86' lang='lat' dir='ltr'><strong>the</strong></span> <span class='ocrx_word' id='word_1_301' title='bbox 620 4004 683 4052; x_wconf 79' lang='lat' dir='ltr'><strong>Acta</strong></span> <span class='ocrx_word' id='word_1_302' title='bbox 696 4002 842 4052; x_wconf 86' lang='lat' dir='ltr'><strong>Sanctorum</strong></span> 
     </span>
    </p>
   </div>
   <div class='ocr_carea' id='block_1_6' title="bbox 0 0 1808 4862">
    <p class='ocr_par' dir='ltr' id='par_1_6' title="bbox 0 0 1808 4862">
     <span class='ocr_line' id='line_1_34' title="bbox 0 0 1808 4862; baseline 0 2"><span class='ocrx_word' id='word_1_303' title='bbox 0 0 1808 4862; x_wconf 95' lang='lat' dir='ltr'><strong> </strong></span> 
     </span>
    </p>
   </div>
  </div>
 </body>
</html>
