3608 4862
419 523 479 585 104
847 539 1035 586 susorum
1061 539 1182 584 nsrrs
1420 539 1543 602 [ussus.
1556 540 1593 592 11.

412 702 522 756 eutem
537 692 815 774 Lundoniensem,
831 693 953 773 dicens,
975 696 998 730 “
1006 692 1159 772 Domine,
1174 691 1215 756 ad
1229 699 1263 754 te
1278 689 1428 776 confugio
1444 693 1613 757 consilium

412 804 547 879 petens:
571 794 702 880 quidam
718 793 883 860 maleficus
899 793 1063 859 Walensis
1080 793 1220 858 decessit
1234 793 1312 856 setis
1328 815 1432 878 nuper
1442 794 1614 859 infideliter

412 897 446 961 in
462 898 538 962 villu
559 919 640 977 mee,
667 899 723 982 qui
748 897 858 962 stetim
882 906 959 982 post
985 906 1124 982 quotuor
1149 905 1263 961 noctes
1288 896 1423 982 singulis
1449 898 1490 961 ud
1505 897 1613 963 villam

410 1001 562 1066 noctibus
576 1001 746 1086 repedans,
771 1022 839 1066 non
862 1010 968 1065 cessat
993 1022 1127 1066 erooore
1153 999 1340 1085 singillatim
1363 1008 1397 1064 et
1421 1000 1613 1066 nominatim

411 1105 624 1171 convicaneos
640 1127 727 1185 suos,
754 1103 810 1189 qui
835 1104 944 1168 statim
960 1104 1067 1168 vocati
1089 1103 1294 1168 infirmantur
1317 1111 1351 1168 et
1371 1102 1455 1169 infre
1473 1103 1613 1169 triduom

411 1209 605 1288 moriuntur,
630 1217 669 1273 ut
690 1209 760 1293 jem
785 1206 882 1293 pauci
908 1206 1106 1292 supersint.''
1160 1207 1345 1292 Episcopus
1371 1207 1533 1272 admirans
1558 1207 1613 1287 ait,

411 1316 433 1350 “
443 1313 642 1377 Potestotem
657 1311 792 1376 forsitan
807 1309 898 1376 dedit
912 1311 1088 1375 Dominus·
1097 1309 1211 1395 angelo
1231 1309 1317 1374 illius
1332 1311 1451 1395 perditi
1465 1311 1562 1391 mulo,
1576 1317 1613 1375 ut

409 1413 444 1478 in
459 1435 592 1500 corpore
606 1413 662 1478 illo
677 1423 806 1478 mortuo
822 1434 857 1478 se
869 1411 1019 1497 exagitet.
1041 1412 1198 1477 Attamen
1207 1411 1380 1476 effodietur
1394 1433 1512 1497 corpus
1522 1411 1613 1491 illud,

408 1528 442 1583 et
457 1518 540 1582 collo
555 1517 658 1582 reciso
679 1515 818 1582 fossorio
840 1523 1072 1599 conspergetur
1096 1514 1206 1599 ipsum
1229 1521 1263 1578 et
1277 1514 1365 1578 fossa
1390 1536 1507 1600 magns
1531 1537 1613 1601 eque

408 1621 589 1699 benedicta,
604 1629 638 1684 et
651 1618 859 1705 reponetur.''
904 1617 1055 1704 Cumque
1079 1618 1143 1682 hoc
1167 1617 1260 1682 fieret
1281 1616 1492 1682 nihilominus
1507 1639 1612 1683 errore

408 1724 547 1810 pristino
562 1723 686 1808 fatigati
701 1721 834 1786 suntab
850 1742 888 1785 eo
902 1721 1035 1786 residui.
1080 1721 1187 1785 Nocte
1198 1719 1296 1804 igitur
1307 1720 1446 1804 quodem
1457 1742 1531 1785 cum
1543 1722 1612 1807 jem

409 1847 532 1912 paucos
554 1824 739 1910 reliquisset
763 1823 966 1909 superstites,
990 1822 1099 1908 ipsum
1122 1822 1325 1887 Willelmum
1350 1822 1434 1888 trine
1459 1823 1611 1888 citatione

409 1929 549 1994 vocavit.
592 1929 638 1992 At
652 1928 716 2007 ille,
735 1937 773 1992 ut
796 1935 866 1992 erut
888 1926 1054 1990 animosus
1070 1935 1104 1992 et
1120 1925 1265 2012 impiger,
1287 1948 1355 1991 non
1377 1927 1508 2013 ignarus
1534 1927 1612 2013 quid

409 2041 507 2112 esset,
536 2031 660 2096 nudato
686 2030 813 2116 prosilit
836 2051 925 2110 ense,
949 2029 1192 2116 fugientemque
1218 2029 1400 2096 daemonem
1426 2030 1467 2095 ad
1490 2033 1611 2096 fossam

408 2156 512 2220 usque
527 2125 670 2214 secutus,
683 2134 731 2198 ibi
741 2135 810 2219 jem
822 2134 856 2199 in
871 2136 960 2199 fosse
974 2133 1173 2199 recidentem
1192 2135 1355 2219 percussit
1375 2135 1410 2198 in
1433 2145 1533 2221 ceput
1546 2135 1611 2200 eol-

406 2239 440 2302 lo
460 2248 567 2319 tenus,
582 2238 785 2323 cessavitque
809 2237 850 2301 eb
873 2237 928 2301 illa
950 2237 1031 2302 hora
1050 2237 1233 2322 persecutio
1258 2237 1361 2323 pestis
1376 2239 1530 2318 erreticoe,
1552 2261 1611 2304 nec

406 2341 470 2428 ipsi
485 2341 651 2407 Willelrno
665 2363 727 2406 nec
742 2340 836 2405 elicui
851 2339 989 2406 aliorum
1005 2340 1122 2406 exinde
1142 2341 1266 2407 nocuit.
1313 2341 1422 2428 Hujus
1437 2343 1484 2407 rei
1497 2365 1610 2409 rerum

406 2455 554 2512 tenorem
570 2447 707 2526 scimus,
717 2466 847 2510 causam
861 2442 1035 2510 nescimus.

735 2737 818 2801 Item
832 2738 924 2802 aliud
928 2739 1125 2821 prodigium.
1170 2737 1283 2804 xxviii.

451 2876 579 2941 Scimus
595 2873 692 2939 etiem
708 2875 796 2960 quod
811 2884 957 2961 tempore
969 2877 1088 2962 Rogeri
1099 2877 1337 2962 Wigorniensis
1349 2878 1526 2966 episcopi*
1541 2877 1608 2965 qui·

407 2977 495 3058 dem,
510 2999 608 3064 quem
623 2977 738 3043 dieunt
751 2977 924 3044 infideliter
943 2979 1132 3062 decessisse,
1156 3004 1214 3066 per
1228 3003 1375 3047 mensem
1399 2992 1456 3047 aut
1478 3005 1518 3048 eo
1543 3005 1608 3046 sm-

406 3081 493 3166 plius
503 3089 537 3145 et
547 3079 698 3144 noctibus
713 3089 747 3145 et
762 3079 876 3146 diebus
891 3083 988 3147 etiem
1004 3085 1112 3170 palam
1123 3085 1156 3148 in
1169 3085 1273 3150 cilicio
1286 3107 1345 3150 suo
1357 3085 1495 3166 errabat,
1507 3087 1608 3152 donec

406 3183 514 3269 ipsum
529 3181 680 3248 universe
690 3183 804 3270 populi
818 3184 916 3250 vicini
928 3185 1025 3252 turbe
1035 3187 1165 3252 obsedit
1174 3187 1209 3252 in
1220 3189 1378 3274 pomerio.
1412 3190 1607 3255 Manifestus

405 3294 515 3351 autem
530 3286 618 3372 quod
633 3286 696 3351 fuit
713 3287 760 3352 ibi
779 3309 838 3373 per
853 3287 921 3354 dies
936 3299 976 3355 ut
989 3290 1107 3356 dieitur
1121 3300 1199 3356 tres.
1245 3291 1373 3356 Scimus
1397 3293 1496 3360 etiem
1522 3293 1608 3380 quod

405 3387 492 3452 idem
503 3389 649 3474 Rogerus
655 3390 756 3476 jussit
765 3412 893 3457 erucem
906 3393 1084 3479 superponi
1095 3395 1191 3458 fossae
1202 3393 1289 3460 illius
1303 3395 1423 3477 miseri,
1438 3398 1609 3483 ipsumque

406 3491 537 3569 dimitti,
552 3493 608 3579 qui
623 3515 697 3559 cum
712 3495 857 3559 venisset
877 3496 918 3561 ad
933 3497 1054 3561 fossam
1076 3497 1199 3583 populo
1216 3509 1371 3584 sequente
1384 3499 1456 3565 visa
1470 3510 1509 3564 ut
1521 3501 1610 3566 vide·

403 3593 500 3661 batur
514 3617 609 3661 cruce
623 3597 748 3677 resiliit,
762 3597 908 3684 fugitque
923 3600 1012 3679 alius,
1028 3623 1171 3687 sanoque
1191 3602 1326 3667 consilio
1348 3625 1476 3669 crucem
1499 3603 1610 3669 obstu-

404 3699 521 3780 lerunt,
534 3709 568 3763 et
577 3699 631 3765 ille
638 3699 764 3782 incidit,
776 3710 810 3766 et
821 3723 856 3767 se
870 3711 956 3768 terre
969 3713 1046 3789 post
1060 3703 1168 3790 ipsum
1184 3704 1310 3785 clausit,
1325 3727 1482 3793 cruceque
1497 3727 1609 3792 super-

403 3802 511 3888 posite
525 3801 658 3888 quievit

437 4021 454 4054 *
471 4022 509 4072 Of
523 4023 574 4072 this
591 4023 690 4088 bfrlmp,
702 4025 758 4074 who
775 4039 823 4076 sss
833 4041 848 4076 s
859 4039 905 4076 ron
923 4025 952 4075 of
969 4027 1012 4078 the
1030 4028 1082 4079 eorl
1095 4028 1124 4079 of
1137 4027 1292 4090 Gloueester,
1312 4044 1349 4080 we
1368 4031 1447 4082 lroort
1457 4030 1524 4082 little
1540 4043 1610 4080 more

405 4103 465 4154 mm
476 4103 530 4153 thet
541 4104 573 4154 lre
584 4105 641 4154 died
651 4107 679 4155 in
692 4107 764 4158 1179.
