3610 4852
408 507 466 582 174
831 524 1021 568 ausurum
1046 524 1167 568 uaeas
1403 524 1526 588 [nuum.
1539 525 1589 578 11t

403 694 530 758 modico
545 693 584 756 fit
597 693 703 778 impar
717 691 880 772 omnibus,
891 692 1061 756 universos
1073 693 1210 772 excedit,
1221 692 1260 757 fit
1273 687 1367 778 panis
1383 694 1605 776 esurientium,

403 795 503 860 vestis
519 795 697 880 egentium,
708 804 742 859 et
756 796 862 860 omnis
873 794 1094 881 oppressionis
1109 806 1261 882 prompta
1276 797 1471 882 redempti03
1490 808 1524 863 et
1537 821 1605 864 non

403 908 454 962 est
468 897 582 962 civitas
599 898 652 962 cui
668 921 735 962 non
753 898 795 962 sit
809 899 969 963 invidiosa
985 897 1108 962 Remis.

445 1001 591 1065 Audiens
615 1002 684 1066 haec
705 1011 738 1066 et
751 1001 869 1065 videns
895 1001 961 1065 filia
985 999 1163 1085 Babylonis
1186 1000 1313 1079 misera,
1329 1022 1401 1084 quae
1416 1022 1474 1086 per
1489 1025 1601 1088 super·

401 1104 489 1169 biam
503 1105 612 1189 ipsum
626 1103 661 1168 in
676 1105 791 1169 vallem
807 1106 983 1189 redegerat,
999 1112 1173 1168 consuetos
1188 1113 1339 1189 expectat
1354 1103 1487 1169 auribus
1502 1129 1603 1172 arrec-

401 1208 445 1271 tis
466 1206 611 1286 nuntios,
634 1227 821 1291 moramque
844 1207 979 1270 miratur
996 1215 1031 1270 et
1052 1206 1166 1290 arguit,
1190 1215 1225 1270 et
1247 1227 1281 1270 se
1303 1206 1436 1270 tandem
1463 1219 1603 1293 spretam

402 1309 597 1393 intelligens,
626 1331 707 1393 quos
743 1309 910 1373 fastidiosa
944 1308 1106 1394 repulerat
1129 1319 1200 1374 tum
1226 1309 1332 1394 primo
1346 1310 1489 1396 concipit
1502 1311 1603 1396 ignes.

401 1414 478 1478 Jam
497 1412 580 1477 vivit
604 1412 735 1490 lautius,
757 1422 792 1477 et
812 1412 930 1476 cultius
952 1410 1085 1490 incedit,
1106 1421 1141 1475 et
1161 1411 1225 1496 ipsi
1245 1413 1458 1477 verecundius
1482 1414 1602 1494 obviat,

401 1527 436 1583 et
457 1515 656 1581 reverentius
681 1516 834 1600 loquitur,
857 1527 891 1581 et
912 1537 947 1578 se
970 1537 1029 1600 per
1043 1515 1152 1579 omnia
1172 1514 1335 1599 delapsam
1358 1513 1391 1578 in
1407 1516 1603 1601 vituperium

402 1618 545 1684 sentiens
560 1626 593 1680 et
608 1617 822 1702 abjectionem
837 1639 876 1682 eo
891 1617 975 1682 bibit
990 1617 1086 1703 cipho
1102 1639 1268 1682 rancorem
1289 1617 1389 1682 animi
1410 1641 1474 1704 quo
1495 1620 1604 1704 propi·

401 1729 535 1786 neverat
557 1721 693 1784 amatori
719 1743 779 1784 suo
805 1722 956 1786 furorem.
1002 1721 1145 1785 Frenum
1170 1720 1268 1806 igitur
1292 1721 1405 1806 arripit
1426 1743 1550 1800 amens,
1571 1732 1606 1786 et

402 1847 466 1909 quo
487 1823 557 1886 lora
577 1822 710 1887 flectant
731 1832 788 1886 aut
809 1824 974 1887 retrahant
997 1845 1065 1887 non
1092 1832 1194 1902 curat,
1209 1824 1267 1887 sed
1293 1822 1410 1908 quibus
1435 1824 1605 1910 impetitur

402 1925 578 1991 calcaribus
600 1934 671 1990 toto
693 1925 770 1990 facit
792 1925 1010 1991 obedientiam
1033 1947 1140 2005 cursu,
1167 1937 1201 1990 et
1226 1925 1473 2011 quibuscunque
1498 1927 1603 1992 modis

401 2029 505 2114 ipsam
520 2029 573 2094 ille
596 2037 821 2114 temptaverat,
843 2028 949 2093 idest
970 2029 1135 2107 omnibus,
1156 2028 1263 2113 ipsum
1279 2028 1439 2094 aduncare
1454 2040 1601 2096 conatur.

403 2133 468 2198 Sed
482 2133 601 2196 frustra
615 2130 699 2194 fiunt
718 2130 857 2210 insidiae,
872 2131 1054 2194 tenduntur
1075 2131 1166 2209 retia,
1186 2131 1353 2215 jaciuntur
1373 2131 1472 2196 hami.
1516 2132 1601 2196 Nam

401 2236 468 2301 odii
481 2235 600 2299 veteris
625 2234 713 2298 ultor
734 2243 768 2298 et
792 2233 871 2298 novi
894 2233 1042 2298 adulator
1062 2235 1181 2298 amoris
1205 2235 1235 2299 ei
1258 2233 1411 2319 quicquid
1426 2235 1502 2300 dare
1521 2237 1602 2301 solet

402 2339 530 2405 dilectio
542 2345 649 2423 negat,
659 2335 812 2422 quicquid
828 2336 939 2399 odium
955 2336 1099 2421 infligere
1111 2337 1282 2421 jaculatur.
1327 2337 1512 2404 Exinanitis
1527 2361 1602 2424 ergo

400 2441 581 2520 conatibus,
614 2447 842 2524 augmentatur
867 2439 901 2502 in
925 2439 1099 2504 amentiam
1125 2462 1226 2521 emor,
1253 2461 1451 2526 sensumque
1480 2442 1600 2507 doloris

400 2545 527 2612 excedit
541 2542 708 2622 acerbitas,
722 2552 757 2607 et
778 2543 863 2607 sicut
882 2541 1074 2606 medicinam
1091 2542 1311 2608 membrorum
1332 2555 1449 2630 stupor
1463 2567 1530 2610 non
1546 2546 1601 2609 ad-

399 2649 519 2726 mittat,
533 2646 580 2711 sic
594 2646 721 2709 animus
736 2645 901 2710 exhaustae
916 2646 986 2730 spei
1002 2646 1116 2710 solatia
1131 2669 1198 2710 non
1215 2647 1326 2712 sentit.
1381 2647 1515 2713 Excitat
1529 2671 1598 2712 eam

400 2750 530 2815 tandem
546 2749 637 2833 quasi
652 2755 813 2811 mortuam
838 2747 974 2812 suscitet
996 2769 1077 2810 anus
1092 2746 1198 2811 vicina
1222 2746 1383 2826 Gerberti,
1398 2758 1433 2813 et
1450 2750 1559 2835 ipsum
1581 2773 1599 2814 a

398 2851 527 2936 tugurio
543 2871 602 2914 suo
623 2871 681 2934 per
703 2849 847 2914 foramen
863 2849 1008 2913 ostendit
1021 2849 1283 2914 deambulantem
1299 2849 1332 2914 in
1349 2851 1457 2918 medio
1473 2853 1599 2918 modico

399 2953 544 3040 pomerio
558 2952 593 3016 in
607 2953 732 3016 fervore
748 2950 811 3016 diei
825 2962 901 3038 post
916 2974 1040 3017 coenam
1057 2952 1174 3031 solum,
1187 2974 1283 3038 quem
1299 2953 1394 3018 etiam
1408 2965 1485 3040 post
1499 2955 1600 3040 pusil-

399 3057 467 3120 lum
493 3054 685 3119 decumbere
705 3055 766 3118 sub
793 3054 908 3118 umbra
933 3055 1046 3119 vident
1068 3055 1169 3120 asculi
1193 3057 1370 3136 tortulosae,
1390 3058 1597 3146 sopitamque

400 3159 573 3244 quiescere.
617 3159 664 3221 At
678 3179 745 3222 non
759 3157 814 3221 illa
829 3157 976 3242 quiescit,
988 3159 1047 3223 sed
1060 3158 1159 3243 pallio
1170 3161 1289 3244 rejecto
1300 3161 1368 3225 sola
1383 3162 1515 3227 camisia
1529 3185 1598 3228 ves·

399 3263 460 3328 tita
477 3263 538 3326 sub
560 3260 663 3346 ipsius
685 3281 720 3324 se
735 3259 894 3324 chlamide
909 3269 1012 3324 totam
1029 3261 1091 3325 toti
1106 3262 1285 3347 conjungit,
1300 3263 1468 3349 capiteque
1482 3267 1598 3346 velato,

398 3366 505 3452 ipsum
523 3365 640 3430 osculis
655 3374 689 3429 et
703 3363 906 3448 amplexibus
917 3364 1046 3430 excitat.
1090 3363 1298 3430 Avinolento
1313 3375 1347 3431 et
1363 3377 1471 3433 saturo
1487 3368 1600 3434 leviter

399 3471 525 3556 optinet
550 3469 638 3554 quod
664 3467 834 3554 quesierat
841 3492 851 3546 3
874 3467 909 3531 in
924 3489 1028 3530 unum
1043 3467 1130 3532 enim
1146 3468 1283 3533 Veneris
1303 3480 1420 3534 aestum
1440 3493 1600 3538 convene-

398 3583 471 3638 rant
492 3571 674 3658 juventutis
700 3582 734 3636 et
759 3571 926 3654 temporis,
948 3569 1095 3634 ciborum
1115 3577 1149 3634 et
1169 3571 1249 3650 vini,
1272 3572 1389 3638 fervor.
1435 3574 1489 3640 Sic
1504 3576 1599 3640 nimi-

398 3700 471 3742 rum
486 3696 615 3760 semper
627 3683 801 3758 assurgunt
815 3673 936 3737 Veneri
951 3672 1095 3738 Phoebus
1119 3683 1153 3736 et
1175 3675 1254 3753 Pan,
1271 3674 1370 3740 Ceres
1385 3690 1418 3742 et
1439 3678 1599 3758 Bacchus,

398 3799 568 3865 equorum
583 3775 702 3861 ubique
724 3785 888 3841 conventu
912 3774 1029 3840 celebri
1057 3775 1162 3839 Pallas
1185 3775 1378 3841 excluditur.
1423 3779 1532 3846 Instat
1546 3781 1600 3846 illa

397 3879 619 3966 complexibus
649 3887 682 3944 et
715 3879 834 3944 osculis
871 3886 905 3942 et
935 3878 1034 3942 tacita
1071 3877 1245 3942 verborum
1279 3878 1402 3943 adulari
1431 3880 1598 3960 blanditie,

399 3985 502 4048 donec
525 3984 579 4047 ille
604 3982 796 4046 Meridianae
831 4003 955 4046 memor
980 3981 1104 4066 pudore
1134 3981 1289 4046 confusus
1315 3992 1349 4046 et
1372 4005 1439 4048 non
1470 3985 1597 4052 modico

398 4087 514 4152 timore
529 4084 686 4169 trepidus,
701 4106 772 4148 eam
787 4093 894 4148 tamen
912 4083 1093 4147 verecunde
1108 4083 1209 4148 vitare
1224 4084 1348 4164 volens,
1365 4085 1426 4150 sub
1441 4087 1598 4153 redeundi

396 4187 557 4280 promisso
572 4187 703 4267 recedit,
719 4188 799 4252 etin
815 4207 949 4251 nemore
962 4187 1058 4252 solito
1074 4209 1093 4249 a
1108 4187 1245 4274 pedibus
1263 4189 1454 4255 Meridianae
1468 4192 1596 4257 veniam
