3650 4852
261 491 386 560 effla]
612 491 659 535 ns
683 488 794 535 uuors
818 487 1043 535 ouaramuu.
1406 474 1445 535 15

243 645 389 731 positum
404 643 445 708 ad
459 639 619 708 rationem
633 641 674 708 ab
689 642 791 708 altero
805 663 891 728 rege,
915 640 972 727 qui
993 661 1161 728 pygmaeus
1184 638 1357 707 videbatur
1378 663 1445 706 non

246 747 422 814 dimidiatae
439 754 583 824 staturae,
598 745 654 831 qui
668 768 736 810 non
750 743 927 810 excedebat
942 744 1079 808 simiam.
1121 743 1247 808 Institit
1271 744 1447 810 homuncio

242 873 340 936 capro
363 849 506 915 maximo
530 849 709 912 secundum
731 847 875 911 fabulam
906 847 1083 927 insidens*
1107 847 1157 911 vir
1178 847 1282 932 qualia
1308 849 1446 914 describi

244 961 359 1038 posset
374 951 454 1028 Pan,
469 948 594 1013 ardenti
610 951 701 1028 facie,
716 949 822 1035 capite
848 949 1001 1028 maximo,
1024 947 1125 1012 barba
1146 948 1284 1014 rubente
1309 951 1446 1035 prolixa,

243 1064 358 1141 pectus
381 1051 653 1137 contingenterque
678 1053 811 1118 nebride
840 1053 1031 1138 proeclarum
1069 1052 1206 1132 stellata,
1241 1054 1294 1118 cui
1332 1065 1447 1122 venter

243 1158 405 1244 hispidus,
421 1165 455 1220 et
470 1176 563 1218 crura
576 1157 678 1240 pedes
701 1155 736 1220 in
760 1155 910 1240 caprinos
935 1154 1181 1240 degenerabant.
1228 1155 1329 1221 Herla
1355 1159 1446 1224 solus

244 1281 318 1326 cum
335 1260 405 1325 solo
419 1256 622 1341 loquebatur.
666 1257 724 1321 Ait
738 1279 918 1342 pygmaeus,
940 1261 962 1293 “
971 1257 1044 1342 Ego
1058 1278 1116 1321 rex
1130 1256 1308 1321 multorum
1332 1281 1446 1344 regum

244 1370 279 1426 et
291 1359 486 1445 principum,
504 1359 748 1424 innumerabilis
774 1370 808 1425 et
830 1359 950 1424 infiniti
973 1358 1097 1444 populi,
1121 1358 1240 1424 missus
1266 1359 1307 1424 ab
1333 1362 1380 1426 eis
1404 1362 1445 1426 ad

244 1467 278 1526 te
292 1461 397 1526 libens
411 1461 518 1541 venio,
532 1461 594 1527 tibi
616 1463 747 1548 quidem
770 1463 912 1547 ignotus,
939 1462 996 1526 sed
1019 1460 1059 1525 de
1086 1462 1172 1524 fama
1195 1481 1266 1545 qure
1292 1470 1325 1524 te
1349 1483 1446 1546 super

244 1563 324 1630 alios
339 1585 430 1648 reges
445 1565 562 1629 extulit
583 1565 733 1629 exultans
757 1565 898 1650 quidem,
923 1573 957 1628 et
981 1563 1125 1649 optimus
1151 1584 1186 1627 es
1212 1572 1247 1628 et
1270 1564 1342 1628 loco
1365 1565 1447 1629 mihi

243 1665 415 1751 proximus
444 1675 478 1732 et
507 1667 673 1751 sanguine,
699 1667 879 1753 dignusque
901 1665 956 1751 qui
981 1665 1113 1751 nuptias
1137 1674 1210 1729 tuas
1234 1687 1287 1730 me
1309 1669 1447 1733 conviva

244 1769 382 1854 gloriose
397 1777 562 1847 venustas,
579 1791 653 1833 cum
679 1769 739 1834 tibi
765 1771 963 1834 Francorum
987 1791 1045 1834 rex
1070 1769 1169 1834 filiam
1193 1791 1285 1834 suam
1310 1771 1446 1850 dederit,

245 1869 332 1952 quod
348 1867 478 1952 quidem
493 1875 526 1931 te
540 1868 705 1933 nesciente
721 1865 914 1953 disponitur,
940 1877 974 1933 et
988 1889 1062 1932 ecce
1076 1868 1173 1954 legati
1188 1873 1324 1936 veniunt
1338 1873 1445 1940 hodie.

247 1967 360 2053 Sitque
375 1968 480 2032 foedus
496 1977 654 2032 eternum
669 1965 754 2030 inter
768 1988 841 2046 nos,
855 1967 942 2052 quod
956 1965 1021 2031 tuis
1036 1967 1178 2051 primum
1193 1969 1339 2035 intersim
1363 1995 1447 2057 nup-

245 2069 310 2149 tiis,
339 2088 373 2136 et
398 2081 435 2135 tu
461 2071 542 2135 meis
566 2068 726 2133 consimili
756 2069 807 2133 die
833 2078 910 2154 post
944 2070 1097 2132 annum.'’
1144 2071 1208 2135 His
1231 2072 1325 2137 dictis
1351 2076 1381 2137 ei
1406 2075 1445 2139 ti·

244 2173 334 2257 gride
350 2173 518 2248 velocius†
533 2181 566 2236 et
580 2179 669 2255 terga
683 2171 781 2236 vertit
806 2180 840 2235 et
866 2193 900 2235 se
926 2171 1033 2255 rapuit
1056 2171 1097 2234 ab
1121 2173 1222 2236 oculis
1248 2176 1330 2259 ejus.
1375 2177 1447 2242 Rex

245 2271 344 2361 igitur
356 2276 432 2340 inde
447 2299 522 2341 cum
536 2273 748 2339 admiratione
762 2273 900 2352 rediens,
925 2273 1049 2358 legatos
1064 2277 1217 2360 suscepit,
1243 2277 1318 2360 quia
1334 2299 1446 2362 preces

247 2377 435 2464 acceptavit.
481 2379 555 2444 Quo
579 2377 741 2442 residente
766 2376 941 2441 solenniter
960 2376 1001 2439 ad
1017 2377 1157 2460 nuptias,
1181 2399 1255 2442 ecoe
1276 2402 1444 2465 pygmoeus

245 2491 320 2546 ante
335 2481 439 2566 prima
452 2480 582 2559 fercula,
598 2501 672 2543 cum
687 2487 778 2542 tanta
799 2478 1006 2542 multitudine
1030 2478 1092 2542 sibi
1118 2479 1334 2545 consimilium
1359 2483 1446 2566 quod

247 2584 368 2650 mensis
383 2583 513 2668 repletis
528 2583 637 2667 plures
652 2580 730 2644 foris
746 2601 842 2664 quam
857 2579 946 2643 intus
958 2579 1165 2647 discumbent
1179 2582 1214 2646 in
1228 2584 1446 2668 papilionibus

245 2685 385 2772 pygmei
400 2684 539 2770 propriis
555 2684 589 2747 in
604 2693 771 2747 momento
789 2683 970 2766 protensis3
997 2684 1171 2767 prosiliunt
1185 2685 1226 2750 ab
1242 2687 1364 2752 eisdem
1387 2687 1448 2752 mi-

245 2787 339 2854 nistri
354 2808 429 2851 cum
443 2785 529 2850 vasis
544 2807 584 2850 ex
598 2785 760 2870 lapidibus
775 2785 926 2871 pretiosis
946 2795 980 2851 et
1004 2787 1138 2871 integris
1163 2798 1197 2853 et
1219 2789 1353 2854 artificio
1379 2811 1447 2854 non

245 2890 394 2959 imitabili
408 2887 595 2975 compactis,
610 2889 731 2972 regiam
747 2897 780 2953 et
794 2889 974 2974 papiliones
989 2889 1128 2975 implent
1142 2913 1237 2956 aurea
1251 2893 1303 2956 vel
1322 2893 1448 2978 lapidea

246 2992 471 3079 suppellectili,
484 2990 566 3055 nihil
583 2991 617 3056 in
643 2999 775 3076 argento
798 2990 851 3054 vel
876 2989 964 3075 ligno
987 2992 1163 3075 propinant
1183 2993 1236 3057 vel
1257 3005 1448 3078 apponunt3

245 3094 430 3180 ubicunque
440 3093 663 3158 desiderantur
673 3102 797 3172 assunt,
808 3103 841 3158 et
851 3115 917 3157 non
927 3094 967 3157 de
975 3093 1063 3178 regio
1074 3094 1127 3159 vel
1138 3094 1242 3160 alieno
1252 3095 1448 3176 ministrant,

245 3207 353 3264 totum
369 3198 409 3263 da
423 3196 554 3283 proprio
569 3196 753 3276 effundunt,
777 3205 811 3261 et
827 3196 866 3260 de
882 3218 991 3261 secum
1006 3196 1109 3261 allatis
1125 3197 1271 3261 omnium
1286 3197 1448 3264 excedunt

246 3368 287 3419 ed.
299 3369 402 3429 Micbei‚
415 3371 464 3418 rol.
477 3369 504 3418 ii.
523 3385 549 3432 p.
561 3369 627 3426 3363
646 3369 695 3417 and
714 3367 757 3416 the
776 3369 828 3418 Ro·
860 3368 949 3432 legend
960 3368 990 3417 oi
999 3369 1083 3418 Herna
1101 3370 1144 3418 the
1164 3369 1263 3418 Hunter
1280 3369 1400 3434 belonged
1419 3377 1445 3420 to

246 3456 315 3500 mant
326 3453 356 3500 de
368 3453 471 3500 Richart
488 3453 527 3499 fila
545 3451 576 3500 de
591 3451 687 3500 Robert
706 3451 729 3499 le
749 3451 829 3499 diablo
861 3451 904 3498 the
916 3466 982 3499 same
993 3451 1056 3500 class
1068 3450 1097 3498 oi
1105 3450 1286 3512 superstitious.

248 3529 355 3596 (repriut
373 3531 406 3593 by
425 3530 562 3591 Silvestre).
596 3531 628 3579 ln
654 3531 760 3594 Spanirh
786 3531 829 3580 the
893 3529 1445 3595 *Pliny,iv.11,speaksofthepygmiem

245 3612 304 3662 vild
315 3609 394 3658 ridere
405 3625 467 3658 wera
482 3611 560 3659 called
570 3612 658 3659 laerte
670 3613 782 3672 antiqua,
801 3625 830 3659 or
863 3615 881 3640 ⁴¹
891 3611 1005 3661 sedentes
1019 3612 1122 3660 anetum
1135 3625 1312 3674 caprarumque
1324 3610 1426 3659 dorsia.”

247 3692 359 3742 caerulo
377 3691 488 3752 antiquo.
523 3691 569 3739 See
587 3691 629 3738 the
649 3691 782 3754 Appendix
803 3697 830 3740 to
894 3690 1359 3750 †IntheBestiarieroitheMiddla
1378 3692 1444 3754 Ager

246 3774 291 3822 the
303 3770 477 3821 Introduction
486 3775 513 3819 to
525 3771 568 3819 the
579 3771 709 3819 Narratire
721 3771 749 3818 oi
768 3771 829 3820 Pro·
863 3771 906 3820 tha
916 3771 979 3833 tiger
989 3773 1011 3820 ir
1022 3772 1150 3821 described
1161 3788 1189 3820 ar
1199 3772 1242 3820 the
1255 3771 1358 3820 swiftest
1369 3774 1398 3822 oi
1412 3774 1446 3824 all

247 3853 363 3916 caediuga
374 3853 470 3916 against
478 3853 548 3902 Alica
558 3851 671 3917 Kyteler,
678 3867 721 3916 pp.
729 3851 829 3902 mviii.
863 3852 976 3902 animdr.
1002 3853 1083 3916 Pliny,
1096 3853 1130 3902 N.
1144 3853 1178 3903 H.
1190 3853 1365 3918 viii.18‚eays,
1379 3858 1445 3906 uli.

247 3932 342 3985 audri.
376 3933 419 3984 On
429 3935 472 3984 the
490 3949 556 3985 same
574 3933 663 3998 legend
682 3947 771 3997 among
789 3934 831 3984 the
863 3934 917 3999 grin
931 3933 1035 3985 Hircani
1046 3941 1072 3984 et
1083 3935 1234 3988 indiierunt
1250 3937 1342 3988 ammai
1356 3939 1445 3990 reloci-

250 4013 379 4075 Gcrmans,
392 4017 440 4065 and
451 4016 524 4066 other
539 4015 646 4074 natione,
665 4029 706 4064 aec
724 4013 830 4074 Grimm,
865 4017 926 4068 tatia
937 4017 1097 4068 arenearum

250 4096 376 4148 Deutsche
387 4099 550 4163 Mythologie,
562 4113 605 4163 pp.
619 4099 758 4146 515-534.
778 4097 832 4147 The
