3608 4862
338 495 384 554 90
731 553 734 560 ,
772 507 959 554 ouanrnnr
984 505 1105 552 manns
1352 491 1475 569 [hiltine.
1485 503 1523 558 11.

337 662 378 725 lis
389 661 422 725 in
432 659 625 726 arundineto
633 669 692 747 per
702 659 845 727 medium
854 659 1045 725 miserorum
1054 654 1215 742 irrumpit,
1226 655 1335 723 vicum
1343 659 1538 745 relinquens.

340 762 544 847 Quocunque
558 763 701 847 graditur
715 761 837 826 cedunt
850 761 949 846 igitur
963 769 997 826 et
1013 761 1181 826 creduntur
1195 759 1322 840 inclusi,
1338 772 1372 825 et
1385 762 1460 847 quia
1478 784 1540 827 nec

339 885 413 948 spes
425 875 476 929 est
486 865 581 930 victis
593 887 653 930 nec
664 865 761 929 timor
772 864 961 944 victoribus,
973 864 1188 950 dedignantur
1197 864 1357 949 persequi,
1368 885 1539 951 regemque

338 979 469 1033 revocat
496 968 602 1049 Gado,
627 977 785 1034 vocantur
809 969 850 1032 ad
876 989 991 1053 pacem
1015 967 1071 1053 qui
1096 967 1219 1032 bellum
1241 967 1427 1048 attulerant,
1442 978 1476 1033 et
1489 991 1541 1033 ac-

341 1071 444 1157 ceptis
460 1095 479 1135 a
493 1093 568 1158 rege
582 1070 719 1138 navibus
735 1081 882 1136 mortuos
898 1093 976 1137 suos
992 1072 1132 1137 Romam
1148 1091 1258 1135 secum
1274 1070 1478 1156 sepeliendos
1492 1090 1542 1138 rc-

339 1172 473 1240 vehunt.

470 1347 524 1410 De
537 1347 706 1412 Androneo
716 1347 906 1431 lamentosa
924 1345 1277 1429 Constantinopolitano.
1320 1343 1412 1412 xviii.

384 1483 608 1568 Regnantibus
636 1483 803 1549 Lodovico
828 1484 971 1568 grosso*
996 1481 1032 1546 in
1059 1481 1176 1559 Gallia,
1204 1481 1347 1547 Henrico
1374 1483 1480 1569 primo
1505 1485 1540 1548 in

341 1585 469 1670 Anglia,
492 1585 671 1672 imperabat
695 1583 1066 1669 Constantinopolitouis
1089 1583 1290 1665 Andronius,
1315 1586 1443 1652 duobus
1465 1587 1539 1652 filiis

343 1687 526 1769 praeclarus,
541 1688 710 1754 Andronio
726 1700 759 1754 et
781 1688 967 1764 Manuele.†
1011 1687 1118 1752 Misso
1140 1695 1250 1752 autem
1272 1698 1404 1772 epatre
1426 1713 1487 1756 suo
1509 1691 1544 1754 in

344 1789 583 1872 expeditionem
599 1788 767 1854 Andronio
783 1799 816 1855 et
829 1789 876 1854 ibi
890 1799 1121 1868 commorante,
1137 1789 1297 1854 concessit
1310 1791 1345 1856 in
1359 1793 1425 1856 fata
1443 1804 1546 1876 pater.

347 1891 529 1978 Occupavit
540 1914 615 1978 ergo
628 1893 764 1958 Manuel
778 1893 950 1978 imperium
962 1893 1081 1972 illicite,
1093 1893 1168 1979 quia
1179 1893 1301 1979 junior,
1315 1916 1548 1984 reversumque

345 1996 488 2080 reppulit
499 1995 716 2075 Andronium,
727 1995 783 2081 qui
793 2018 852 2082 per
865 1995 1048 2081 provincias
1059 2005 1094 2060 et
1107 1995 1254 2062 civitates
1269 1999 1431 2082 querelam
1445 2009 1544 2066 tantae

347 2097 494 2164 deferens
509 2099 635 2185 injurie
650 2109 762 2164 contra
778 2101 967 2164 Manuelem
981 2102 1047 2164 fere
1070 2099 1241 2164 dimidium
1264 2102 1400 2166 armavit
1421 2103 1544 2184 orbem,

347 2200 605 2288 obtinuissetque
632 2202 787 2267 adversus
811 2224 897 2281 eum,
927 2201 985 2266 sed
1010 2199 1145 2265 Manuel
1169 2201 1312 2267 thesauri
1334 2205 1490 2290 prodigus
1513 2217 1548 2272 et

346 2323 461 2369 avarus
485 2306 629 2384 honoris,
653 2304 759 2370 sciens
786 2304 919 2369 Graecos
943 2304 1058 2368 molles
1082 2313 1116 2368 et
1137 2304 1318 2384 foemineos,
1339 2307 1490 2392 loquaces
1513 2319 1548 2374 et

348 2405 491 2488 dolosos,
514 2408 700 2494 nulliusque
723 2418 837 2473 contra
858 2408 971 2472 hostes
996 2405 1072 2470 fidei
1087 2407 1140 2471 vel
1154 2407 1295 2489 virtutis,
1319 2432 1380 2496 pro
1402 2421 1548 2498 tempore

349 2508 411 2572 sibi
434 2511 556 2576 utiliter
570 2533 649 2575 usus
672 2519 733 2589 est,
748 2511 795 2576 eis
810 2509 921 2575 effusis
938 2510 1040 2596 copiis
1055 2517 1089 2575 et
1113 2509 1271 2576 simulatis
1294 2515 1475 2598 promissis,
1498 2515 1548 2581 in-

349 2614 505 2701 duxitque
530 2614 651 2680 viritim
675 2612 768 2699 quasi
791 2615 833 2677 ad
861 2613 1007 2699 ipsorum
1036 2614 1172 2678 tutelam
1196 2623 1233 2679 et
1262 2637 1473 2699 personarum
1499 2641 1551 2684 sa-

348 2717 450 2788 lntem
466 2717 697 2794 cismontanos,
713 2738 772 2800 pro
787 2715 867 2802 ipsis
883 2716 1005 2782 scilieet
1019 2716 1169 2802 periculis
1185 2717 1397 2803 objiciendos,
1415 2731 1459 2802 et,
1474 2744 1548 2788 cum

349 2820 534 2890 nullatenus
549 2827 733 2902 parceretur
747 2818 906 2903 pecuniae,
920 2819 1058 2884 famelici
1081 2841 1140 2904 per
1154 2828 1277 2886 trrrmas
1291 2823 1480 2890 advolantes
1500 2847 1553 2890 re-

349 2921 483 3005 plebant
506 2931 636 2998 terram,
659 2929 694 2985 et
718 2921 917 3006 pedetentim
940 2922 1077 3007 ingressi
1100 2932 1171 2988 toto
1196 2947 1231 2990 se
1255 2947 1353 2990 cursu
1372 2927 1551 3013 ingentem

351 3046 500 3109 magnam
523 3023 705 3110 perficiunt.
748 3023 862 3090 Victor
884 3024 982 3108 igitur
1005 3045 1119 3091 eorum
1142 3047 1240 3112 opera
1263 3028 1400 3094 Mauuel
1422 3038 1457 3094 et
1479 3052 1555 3118 ope,

384 3229 399 3259 ⁸
416 3228 492 3279 Iouis
507 3230 632 3290 V1.,rrho
648 3231 769 3280 ascended
785 3231 828 3280 the
845 3229 934 3282 throne
967 3231 996 3283 ol
1014 3231 1126 3290 Manuel,
1143 3247 1193 3280 vsa
1209 3231 1281 3282 made
1298 3233 1420 3298 Emperor
1435 3235 1462 3285 in
1480 3237 1554 3296 1180,

352 3311 381 3360 ol
391 3312 482 3361 Franco
493 3313 519 3361 io
530 3313 573 3362 the
585 3328 641 3376 year
654 3317 725 3362 1108.
967 3312 1015 3361 and
1031 3313 1052 3361 it
1063 3327 1111 3361 was
1123 3317 1149 3362 to
1160 3312 1213 3362 him
1224 3313 1279 3362 that
1294 3316 1386 3378 Agnes,
1399 3315 1517 3380 daughter
1527 3320 1557 3368 ot

385 3397 404 3448 †
422 3393 509 3458 Mapes
533 3409 635 3458 appears
652 3399 678 3442 to
694 3393 757 3444 hare
772 3393 834 3445 been
851 3397 880 3445 ill
894 3396 934 3446 iu·
968 3393 1044 3444 Iouis
1059 3393 1083 3443 la
1096 3393 1176 3443 lanne
1188 3395 1218 3443 of
1226 3395 1328 3458 ance,
1340 3414 1389 3447 was
1401 3399 1555 3450 affiancedin

352 3475 449 3525 formed
459 3477 609 3538 eonceming
619 3475 661 3525 the
672 3475 753 3525 affairs
764 3475 794 3526 ot
807 3478 934 3527 1111111111-
967 3475 1021 3525 that
1042 3491 1109 3540 year,
1133 3475 1183 3526 and
1205 3482 1262 3527 sent
1282 3484 1309 3528 to
1338 3479 1553 3547 Constantinople.

352 3573 397 3607 ern
409 3558 519 3620 Empire,
530 3558 579 3607 and
590 3559 621 3608 he
637 3558 682 3607 has
698 3557 773 3606 fallen
789 3559 844 3606 into
860 3559 935 3608 much
968 3559 1135 3616 Andronicus,
1158 3559 1201 3609 the
1223 3559 1310 3610 cousin
1326 3562 1356 3610 oi
1374 3564 1418 3612 the
1434 3563 1558 3628 Emperor

352 3639 483 3688 confusion
494 3641 521 3688 in
532 3639 575 3687 the
586 3645 686 3703 present
697 3641 807 3703 chapter.
840 3639 935 3699 Alexis,
969 3641 1081 3702 Manuel,
1099 3657 1149 3691 was
1168 3643 1304 3692 modated
1320 3644 1379 3693 with
1400 3645 1454 3694 him
1469 3647 1496 3695 in
1513 3647 1556 3698 the

354 3721 396 3769 the
408 3717 462 3769 first
472 3720 502 3769 of
509 3719 552 3768 the
562 3720 646 3784 family
654 3721 684 3770 of
693 3720 735 3770 the
747 3720 879 3780 Comncni,
887 3737 937 3770 was
970 3725 1061 3787 empire
1077 3723 1104 3773 in
1121 3728 1194 3784 1183,
1211 3726 1269 3784 and,
1286 3725 1377 3789 having
1393 3727 1482 3776 caused
1503 3729 1555 3778 him

353 3801 488 3851 succeeded
499 3816 531 3850 on
544 3802 586 3851 the
597 3803 687 3852 throne
698 3803 728 3852 ol
736 3802 938 3869 Constantinople
971 3809 998 3854 tc
1008 3805 1040 3855 be
1052 3805 1181 3856 murdered
1197 3808 1241 3856 the
1252 3823 1319 3857 same
1336 3824 1403 3871 year,
1420 3810 1556 3859 succeeded

353 3883 387 3945 by
409 3883 448 3932 his
470 3883 550 3930 eldest
566 3897 611 3932 son
627 3881 695 3932 lehn
717 3883 744 3932 in
768 3887 841 3943 1118,
858 3885 940 3935 whose
972 3903 1000 3936 ss
1016 3889 1068 3938 sole
1084 3903 1207 3952 emperor,
1224 3890 1273 3940 end
1284 3891 1390 3941 married
1401 3890 1443 3940 the
1460 3891 1556 3943 French

355 3965 446 4012 second
457 3979 504 4014 son
515 3963 619 4014 Msnuel
629 3965 765 4016 succeeded
775 3981 809 4016 on
819 3967 858 4016 his
866 3967 940 4016 desth
972 3969 1081 4034 princess
1092 3971 1185 4035 Agnes.

353 4044 381 4093 in
394 4045 465 4094 1143.
498 4045 552 4095 The
564 4047 655 4096 second
666 4048 758 4108 Alexis,
770 4048 814 4098 the
824 4048 881 4112 only
893 4063 940 4098 son
