3610 4852
238 567 371 632 Copais]
567 566 613 609 ns
632 565 743 610 uuors
760 565 985 609 cunrauruu.
1350 547 1408 607 181

207 721 354 784 levamen
375 717 544 795 habemus,
558 717 703 781 laetitiam
726 719 888 783 nescimus
898 742 907 796 3
932 716 1138 781 sublevamur
1153 715 1279 794 solatio,
1294 715 1412 800 gaudio

208 845 273 886 uon
289 822 433 886 beamur.
478 821 637 886 Ascendit
659 832 768 886 autem
794 822 829 886 in
854 820 950 886 nobis
966 843 1040 885 cum
1056 819 1178 884 divitiis
1194 839 1322 896 moeror,
1337 818 1413 902 quia

208 934 330 1008 quanto
354 923 426 1008 quis
457 923 559 1007 major
588 933 648 1000 est,
674 933 766 988 tanto
797 923 911 1008 majori
939 933 1110 1007 quassatur
1139 943 1207 986 suaa
1237 920 1413 986 voluntatis

204 1028 342 1106 assultu,
358 1040 391 1091 et
404 1025 437 1088 in
455 1025 596 1111 praedam
613 1026 748 1091 aliorum
764 1027 925 1112 diripitur.
971 1027 1010 1090 In
1031 1026 1092 1091 hac
1116 1047 1175 1110 ego
1190 1023 1365 1088 miserabili
1379 1033 1414 1088 et

206 1130 333 1194 cadosa
360 1129 534 1212 languesco
575 1129 674 1204 curia,
712 1129 793 1193 meis
831 1128 1064 1193 abrenuntians
1100 1127 1335 1206 voluntatibus,
1375 1135 1414 1189 ut

208 1231 353 1317 placeam
393 1229 475 1294 aliis.
530 1229 616 1294 Cum
657 1231 744 1294 enim
773 1230 962 1316 paucissimi
987 1231 1101 1315 juvare
1137 1230 1277 1314 possint,
1307 1229 1412 1314 quivis

208 1354 323 1398 nocere
338 1341 467 1418 potest3
494 1331 557 1396 uisi
581 1332 739 1418 placatam
765 1333 909 1398 habuero
934 1333 1022 1397 solus
1049 1333 1304 1412 universitatem,
1331 1333 1413 1397 nihil

209 1457 303 1512 som3
328 1435 356 1498 si
369 1435 535 1499 virtuosus
556 1456 751 1520 processero
763 1445 800 1500 ut
817 1435 893 1500 fiam
916 1436 1107 1514 invidiosus,
1122 1436 1205 1501 clam
1231 1436 1413 1515 detrahent,

206 1549 240 1602 et
254 1539 439 1603 defensores
457 1559 545 1602 meos
561 1539 715 1623 deceptos
731 1539 918 1624 apparentia
929 1539 1053 1618 dicunt,
1065 1539 1093 1602 si
1108 1539 1224 1624 placet.
1269 1539 1411 1603 Fatuum

204 1641 362 1725 judicant,
388 1639 569 1726 pacificum,
595 1642 751 1719 desidem,
766 1640 911 1719 tacitum,
928 1663 1077 1725 nequam,
1103 1639 1187 1705 bene
1212 1640 1411 1725 loquentem,

209 1743 345 1808 nimium
362 1743 549 1829 benignum,
570 1744 781 1823 adulatorem,
798 1744 933 1808 nihilum
957 1744 1144 1822 sollicitum,
1159 1743 1325 1828 cupidum,
1340 1765 1414 1828 pes-

211 1847 369 1927 tilentem,
381 1848 483 1933 pium,
496 1847 681 1925 remissum,
703 1846 848 1926 divitem,
868 1869 1012 1925 avarum,
1028 1857 1186 1925 orantem,
1201 1847 1416 1932 hypocritam,

211 1970 277 2012 non
306 1959 465 2028 orantem,
494 1947 714 2034 publicanum.
773 1948 916 2012 Necesse
946 1947 1069 2012 habent
1098 1949 1138 2012 ad
1168 1949 1229 2012 hos
1260 1949 1415 2014 succincti

211 2053 382 2131 tumultus,
416 2061 454 2116 ut
493 2051 668 2116 virtutibus
704 2051 887 2136 suppressis
904 2061 1070 2115 armentur
1097 2051 1207 2130 vitiis3
1246 2053 1414 2136 utriusque

212 2153 317 2219 locum
333 2164 427 2219 caute
442 2153 653 2238 distinguant,
673 2163 711 2217 ut
735 2152 832 2218 bonis
855 2152 937 2236 justi
962 2151 1145 2231 videantur,
1160 2152 1253 2216 malis
1269 2153 1415 2238 pessimi.

213 2257 393 2322 Consilium
419 2268 526 2324 autem
555 2255 683 2320 salubre
713 2279 809 2322 nemo
831 2255 977 2340 ambigit,
1003 2267 1041 2320 ut
1067 2277 1195 2342 semper
1223 2257 1258 2321 in
1287 2257 1415 2321 occulto

213 2360 336 2426 colatur
365 2360 517 2440 Trinitas,
541 2369 575 2424 et
608 2360 643 2424 in
667 2361 773 2424 cordis
805 2381 920 2424 arcana
949 2360 1090 2444 puritate
1121 2360 1246 2424 sincera
1283 2359 1414 2424 devotio

211 2463 400 2542 celebretur,
414 2465 566 2549 quatinus
580 2462 717 2527 interius
733 2463 927 2528 solennitate
944 2472 1080 2543 servate,
1097 2463 1248 2528 decenter
1272 2473 1305 2527 et
1328 2473 1416 2528 caste

212 2567 343 2630 defensa
372 2587 565 2651 quocunque
596 2565 693 2629 modo
728 2587 858 2629 saccum
889 2564 1016 2628 concidi
1045 2565 1213 2648 permittat
1242 2563 1416 2628 Dominus.

212 2669 289 2732 Non
305 2677 492 2752 permutent
506 2666 678 2731 extrinseci
693 2688 787 2730 casus
811 2667 845 2730 in
860 2675 1015 2731 terrorem
1041 2666 1218 2741 hominem,
1235 2687 1295 2730 nec
1311 2674 1416 2729 trans-

211 2773 358 2838 euntium
383 2770 574 2856 perturbent
598 2771 776 2835 accidentia
790 2769 998 2834 residentiam
1027 2770 1143 2833 animae
1170 2768 1416 2834 substantialem

211 2875 245 2938 iu
262 2875 415 2939 Domino.
463 2873 537 2938 Hoc
552 2874 592 2937 de
615 2885 725 2937 nostra
745 2872 843 2936 velim
859 2871 1057 2934 manifestari
1068 2871 1165 2948 curia,
1181 2871 1256 2957 quia
1271 2872 1417 2936 nondum

212 2978 321 3042 audita
336 2987 387 3041 est
402 2977 431 3041 ei
447 2977 560 3040 similis
577 2975 738 3061 praeterita
752 2975 805 3038 vel
820 2974 954 3039 timetur
973 2974 1092 3039 lutura.
1138 2975 1244 3060 Cupio
1268 2973 1364 3039 etiam
1382 2985 1419 3038 ut

212 3089 343 3165 postera
358 3078 544 3143 recordetur
558 3077 656 3161 hujus
673 3075 803 3140 malitiae
818 3076 944 3155 militia,
960 3077 1126 3162 sciantque
1151 3076 1329 3142 tolerabilia
1343 3098 1416 3161 per·

212 3183 280 3268 peti
305 3204 324 3245 a
346 3181 442 3245 nobis
468 3180 708 3244 intolerantiam
731 3180 836 3264 passis
860 3179 978 3244 edocti.
1021 3179 1150 3265 Surgite
1173 3180 1280 3264 igitur,
1305 3201 1416 3244 eamus

210 3284 297 3363 hinc,
311 3283 386 3368 quia
396 3283 481 3348 inter
490 3283 562 3368 ejus
574 3303 689 3367 operas
700 3281 753 3345 cui
764 3279 1066 3345 abrenunciavimus
1082 3281 1116 3344 iu
1131 3281 1295 3364 baptismo
1308 3281 1415 3343 Deum

211 3389 336 3474 placare
356 3387 407 3451 vel
432 3389 463 3452 ei
486 3387 611 3472 placere
635 3407 702 3449 non
729 3405 901 3462 vacamus3
928 3383 981 3448 hio
1007 3384 1094 3447 enim
1120 3385 1227 3447 omnis
1251 3385 1350 3447 homo
1365 3383 1418 3446 vel

212 3511 346 3554 uxorem
363 3489 452 3554 ducit
466 3489 517 3552 vel
529 3490 609 3574 juga
624 3487 725 3551 boum
740 3484 868 3572 probat,
891 3506 971 3570 quas
997 3485 1224 3550 excusationes
1251 3483 1415 3569 quomodo

214 3593 320 3658 Salius
335 3592 495 3671 vitaverit,
509 3592 629 3656 audite.

464 3851 515 3914 De
531 3851 619 3916 Salio
628 3851 700 3932 filio
716 3849 898 3913 admirandi
912 3847 1054 3929 majoris.
1098 3846 1163 3911 xiv.

256 4088 373 4168 Salius,
414 4089 544 4156 natione
584 4088 713 4172 rituque
747 4085 888 4170 gentilis,
930 4085 1016 4148 filius
1057 4084 1236 4150 admirandi
1276 4091 1417 4176 majoris,
