3608 4862
376 511 438 570 144
803 522 992 570 ausurum
1008 521 1129 566 uanas
1383 523 1563 586 [osanam.

372 713 447 779 pars
462 694 607 774 adversa,
623 715 720 779 quam
735 693 789 758 ille
805 702 882 758 taus
898 692 1013 778 quoin
1029 711 1081 755 me
1096 688 1281 754 accenderis
1294 713 1303 768 ;
1327 711 1368 754 ne
1391 687 1494 776 major
1519 691 1580 755 mi-

373 817 486 861 norem
501 798 542 861 ad
557 819 592 862 se
606 798 726 875 mahat,
741 807 774 862 et
788 818 929 881 perenm,
944 794 1032 880 loqui
1047 792 1231 879 prohibeor.
1269 793 1319 858 Ut
1334 794 1452 879 spiritu
1467 793 1582 880 loquar

377 921 442 985 quo
457 910 533 964 tuus
549 923 633 980 sum,
649 910 827 985 pensentur
841 899 931 985 ignes
946 899 1038 962 lance
1053 896 1197 983 qualibet
1211 897 1337 981 aequali,
1352 897 1405 962 vel
1418 897 1579 983 inaequali,

372 1012 517 1068 vertatur
531 1003 711 1089 periculum
733 1003 848 1088 capitis
870 1003 946 1068 mei.
991 999 1156 1087 Quicquid
1171 1022 1257 1084 agas,
1273 1001 1426 1087 quicquid
1438 1002 1576 1086 judices,

372 1104 606 1191 indulgendum
633 1113 684 1170 est
710 1104 801 1184 mihi,
831 1104 887 1190 qui
911 1125 978 1190 prae
1002 1102 1122 1168 amoris
1148 1101 1352 1188 impatientia
1375 1110 1481 1169 tacere
1509 1127 1577 1170 non

371 1230 517 1294 possum.

416 1309 524 1376 Prima
538 1309 634 1396 primi
648 1333 732 1376 uxor
746 1311 840 1390 Adae,
851 1321 928 1396 post
936 1309 1074 1395 primam
1089 1309 1233 1374 hominis
1248 1310 1454 1391 creationem,
1470 1311 1575 1398 primo

369 1425 502 1501 peccato
511 1416 617 1500 prima
625 1415 723 1480 solvit
733 1415 858 1500 jejunia
869 1425 981 1479 contra
991 1423 1192 1500 praeceptum
1202 1413 1348 1478 Domini.
1391 1414 1575 1481 Parentavit

369 1517 599 1596 inobedientia,
615 1539 687 1602 quae
703 1517 782 1580 citra
805 1516 920 1580 mundi
935 1515 1111 1580 terminum
1136 1537 1204 1580 non
1229 1515 1367 1581 absistet
1390 1539 1574 1604 expugnare

368 1621 528 1700 foeminas,
543 1629 577 1685 et
592 1619 659 1683 sint
674 1641 801 1705 semper
815 1619 987 1684 indefessae
1003 1619 1129 1684 trahere
1143 1619 1177 1683 in
1193 1621 1470 1708 consequentiam,
1485 1622 1573 1708 quod

370 1746 390 1787 a
404 1723 508 1808 prima
523 1731 624 1787 matre
640 1744 700 1786 sua
714 1730 891 1786 traxerunt.
936 1722 1060 1801 Amice,
1071 1723 1267 1787 contumelia
1276 1723 1338 1788 viri
1349 1735 1400 1789 est
1411 1747 1494 1791 uxor
1501 1726 1573 1790 ino·

368 1825 513 1891 bediens.
559 1825 647 1889 Cave
670 1824 740 1889 tibi.
785 1824 914 1889 Veritas
935 1847 1006 1911 quae
1029 1825 1097 1890 falli
1118 1849 1185 1891 non
1205 1836 1325 1911 potest,
1347 1827 1393 1892 ait
1414 1829 1455 1894 de
1476 1827 1572 1894 beato

369 1928 488 2009 David,
511 1927 628 1993 Inveni
650 1928 757 1994 virum
779 1927 959 1992 secundum
981 1949 1037 1992 cor
1060 1949 1169 1992 meum
1181 1931 1224 2009 3*
1246 1929 1300 1993 hic
1321 1939 1432 1995 tamen
1446 1931 1571 2017 egregie

367 2030 587 2118 precipitatus
609 2040 661 2096 est
683 2051 793 2095 amore
815 2029 959 2095 mulieris
986 2029 1027 2095 ab
1048 2031 1208 2096 adulterio
1233 2031 1267 2095 in
1289 2032 1514 2113 homicidium,
1529 2055 1571 2098 nc

366 2156 510 2220 unquam
526 2134 595 2198 sola
609 2133 743 2199 veniant
765 2134 925 2199 scandala.
970 2134 1073 2200 Dives
1095 2144 1147 2199 est
1173 2134 1261 2200 enim
1285 2135 1393 2201 omnis
1416 2137 1568 2223 iniquitas

366 2239 520 2304 societate
542 2237 693 2324 plurima,
716 2246 750 2303 et
771 2259 997 2323 quamcunque
1019 2238 1154 2303 domum
1183 2238 1353 2304 intraverit
1376 2241 1445 2306 suia
1470 2241 1568 2307 tradit

365 2342 673 2428 coinquinandam†
696 2341 857 2405 convitiis.
901 2341 1027 2420 Amice,
1044 2341 1205 2406 Bersabee
1221 2343 1322 2422 siluit,
1336 2344 1370 2407 in
1387 2344 1478 2410 nullo
1500 2367 1568 2410 ma-

364 2445 485 2532 lignata
495 2456 557 2526 est,
571 2445 782 2510 nihilominus
794 2454 904 2510 tamen
925 2445 1010 2510 facta
1025 2455 1075 2511 est
1093 2445 1245 2511 stimulus
1261 2446 1484 2515 subversionis
1499 2449 1568 2514 viro

363 2549 518 2634 perfecto,
533 2557 567 2614 et
581 2547 695 2612 mortis
710 2547 840 2612 aculeus
860 2545 977 2610 marito
997 2545 1176 2612 innocenti.
1219 2547 1390 2634 Numquid
1411 2549 1567 2616 innocens

364 2652 426 2718 erit
440 2673 512 2738 quoe
527 2651 703 2717 contendet
722 2649 917 2735 eloquentia,
938 2658 976 2713 ut
999 2649 1118 2714 Dalida
1140 2649 1343 2737 sampsonis,
1357 2662 1391 2718 et
1409 2655 1514 2720 forma
1529 2665 1566 2719 ut

365 2755 537 2834 Bersabee,
552 2777 627 2820 cum
642 2753 740 2837 hujus
753 2752 822 2817 sola
836 2751 1044 2837 pulchritudo
1060 2751 1106 2817 sic
1121 2753 1369 2840 triumphaverit
1384 2767 1417 2822 et
1428 2758 1565 2822 nolens?

364 2857 400 2922 Si
414 2880 482 2923 non
496 2880 531 2923 es
546 2857 685 2943 amplius
700 2856 880 2920 secundum
896 2876 952 2920 cor
965 2855 1102 2920 Domini
1117 2879 1214 2942 quam
1231 2858 1350 2937 David,
1367 2860 1463 2926 crede
1478 2861 1565 2946 quod

361 2971 396 3026 et
410 2970 447 3025 tu
461 2959 654 3046 praecipitari
669 2966 776 3044 potes.
822 2957 879 3023 Sol
893 2958 1064 3023 hominum
1086 2958 1254 3042 Salomon,
1270 2963 1442 3028 thesaurus
1457 2963 1568 3031 delici-

364 3085 455 3128 arum
479 3062 625 3143 Domini,
641 3058 807 3148 sapientire
823 3060 982 3145 singulare
997 3060 1208 3142 domicilium,
1231 3086 1340 3130 crasso
1355 3065 1564 3132 tenebrarum

363 3169 490 3232 fucatus
501 3174 692 3246 atramento,
701 3163 807 3229 lucem
817 3163 933 3228 animae
944 3184 1021 3244 sure,
1028 3163 1161 3230 odorem
1171 3165 1264 3232 lamae
1274 3189 1353 3247 suae,
1361 3168 1497 3254 gloriam
1506 3170 1564 3235 do·

361 3292 435 3334 mus
450 3292 519 3335 suae
531 3269 735 3335 foeminarum
746 3266 891 3348 fascinet
907 3265 1025 3346 amisit,
1035 3276 1069 3332 et
1079 3278 1246 3353 postremo
1258 3269 1445 3336 incurvatus
1455 3295 1562 3338 coram

362 3373 487 3438 Baalim
502 3371 543 3438 eri
553 3372 739 3438 ecclesiaste
753 3369 890 3435 Domini
902 3379 1048 3434 mutatus
1063 3380 1114 3436 est
1128 3371 1163 3434 in
1178 3371 1363 3438 membrum
1378 3373 1506 3455 Zabuli,
1525 3385 1562 3440 ut

360 3475 465 3542 adhuc
484 3476 599 3562 majori
616 3474 765 3540 videatur
787 3472 917 3538 detrudi
937 3473 1118 3559 praecipitio
1137 3497 1234 3560 quam
1267 3474 1410 3542 Phoebus
1428 3477 1463 3542 in
1487 3501 1563 3544 casu

360 3580 561 3659 Phaetontis,
572 3579 628 3666 qui
638 3579 678 3644 de
689 3575 854 3662 Appoline
863 3574 958 3641 Jovis
967 3577 1072 3642 factus
1084 3590 1136 3643 est
1144 3588 1257 3664 pastor
1266 3579 1409 3647 Admeti.
1438 3583 1561 3661 Amice,

360 3682 387 3746 si
403 3704 516 3748 nones
532 3681 708 3768 sapientior
723 3680 908 3758 Salomone,
929 3680 1016 3764 quod
1031 3701 1128 3745 nemo
1144 3691 1205 3761 est,
1221 3705 1288 3747 non
1300 3705 1335 3748 es
1348 3684 1452 3770 major
1466 3707 1560 3770 quam

358 3786 414 3870 qui
422 3786 701 3872 potestafoemina
710 3782 868 3848 fascinari.
889 3781 1011 3847 Oculos
1022 3793 1096 3848 tuos
1106 3785 1335 3870 aperi,etvide.
1360 3787 1560 3875 Optimafoe·

389 3991 404 4022 θ
421 3992 491 4049 Acts,
504 3991 556 4040 xiii.
565 3993 606 4040 22.
1007 3992 1022 4050 ζ
1029 3991 1156 4053 swinore,
1169 3992 1227 4042 Ms.
1240 3994 1361 4044 Arundcl.

387 4074 406 4128 †
421 4069 940 4134 minandumMSSArundmndBurn.
