3608 4862
247 517 378 584 capita]
617 523 664 565 nr
688 522 799 568 susis
823 521 1046 568 coassumi.
1371 509 1432 568 133

231 686 355 772 aliquot
369 707 444 772 ergo
459 685 540 767 dies,
554 687 589 752 in
610 689 725 756 habitu
739 692 891 778 pauperis
916 691 1080 757 civitatem
1093 690 1284 777 ingreditur,
1299 701 1335 756 et
1347 691 1434 756 inter

233 789 384 853 sedentes
392 789 433 853 ad
445 788 683 876 eleemosynam
693 802 867 858 annotatur
881 816 901 857 a
915 815 984 871 sua,
994 814 1077 878 quoe,
1085 802 1124 856 ut
1137 792 1237 857 finem
1252 792 1360 857 timori
1373 815 1435 857 suo

233 893 338 971 faciat,
354 915 429 958 eum
443 893 624 959 admirabili
638 896 815 982 suspendio
831 896 963 982 dignum
978 895 1128 982 judicans
1146 897 1254 975 tradit,
1275 896 1332 982 qui
1353 918 1435 962 voce

232 995 394 1079 praeconia
408 996 572 1062 civitatem
588 997 739 1078 concitat,
757 997 910 1085 quatinus
933 999 1097 1062 nasonem
1112 997 1245 1063 videant
1265 996 1434 1083 publicum

233 1099 363 1164 hostem
386 1109 420 1165 et
443 1100 627 1185 reipublicae
652 1123 719 1166 suec
741 1111 867 1188 pestem
891 1101 1012 1165 ducant
1034 1101 1075 1164 ad
1099 1100 1337 1167 exterminium.
1381 1102 1436 1166 Fit

233 1224 410 1268 concursus
424 1213 458 1268 et
476 1205 597 1269 clamor
610 1205 746 1292 populi3
772 1214 892 1270 sonant
905 1202 978 1268 litui
993 1215 1027 1269 et
1040 1204 1139 1270 tubae.
1183 1205 1236 1270 nd
1252 1206 1434 1291 clangorem

233 1304 331 1389 igitur
351 1313 386 1369 et
407 1305 583 1370 tumultum
600 1306 758 1370 excitatur
780 1305 835 1390 qni
850 1303 990 1370 excubat
1012 1327 1115 1392 prope
1129 1305 1215 1370 tilius
1238 1307 1388 1387 Rasonis,
1402 1315 1436 1372 et

233 1429 330 1472 causa
344 1407 482 1494 cognita,
497 1431 594 1494 quam
608 1409 710 1474 totius
725 1409 759 1472 in
775 1409 889 1474 silvam
904 1429 1012 1476 secum
1029 1419 1151 1474 armata
1165 1410 1286 1476 familia
1299 1410 1435 1476 latibulo

233 1510 414 1595 proximam
443 1510 613 1576 conferens
637 1533 711 1575 cum
742 1510 871 1575 silentio
897 1511 1123 1596 proestohtur3
1160 1521 1195 1577 et
1223 1534 1297 1578 ecce
1325 1534 1433 1578 coram

234 1612 386 1678 omnibus
409 1613 559 1679 salvatrix
579 1613 718 1678 civitatis
744 1614 876 1678 domins
899 1614 1010 1679 multis
1035 1615 1197 1681 conducta
1217 1615 1380 1696 laudibus,
1402 1626 1437 1681 et

234 1715 432 1780 admirabilis
456 1715 634 1803 disponens
663 1725 698 1782 et
726 1716 898 1782 moderans
924 1717 1043 1782 omnia.
1089 1717 1247 1805 Inopinos
1280 1719 1380 1804 igitur
1402 1729 1437 1785 et

232 1819 373 1884 inermes
387 1818 547 1884 invadunt
560 1819 681 1904 rapide,
695 1819 844 1905 filiusque
860 1820 998 1884 Rasonis
1013 1821 1232 1887 admirabilem
1247 1822 1316 1888 ictu
1330 1823 1436 1910 primo

234 1932 400 1987 mortuum
415 1923 534 2008 dejicit.
579 1923 722 1986 Domina
746 1945 843 2007 super
868 1923 1029 2008 optimum
1056 1945 1176 2010 equum
1202 1926 1311 1991 evadit
1325 1927 1435 2006 facile3

234 2027 273 2090 fit
286 2027 427 2092 maxima
441 2037 563 2113 strages
579 2027 725 2112 equitum
740 2037 774 2092 et
788 2026 946 2112 peditum,
957 2036 991 2091 et
1005 2027 1106 2092 totius
1120 2029 1235 2114 populi
1246 2030 1315 2094 dira
1329 2030 1436 2116 direp-

232 2129 292 2193 tio.
327 2129 493 2194 Reductus
505 2129 545 2194 ad
555 2129 685 2215 propria
696 2130 783 2194 Raso
799 2129 884 2192 inter
897 2136 1004 2192 tantas
1016 2128 1144 2194 laetitias
1157 2140 1290 2196 maestos
1305 2131 1436 2211 residet,

233 2230 436 2316 vilipendens
445 2231 626 2316 praedamet
636 2229 901 2315 spolia,captivcs
911 2239 945 2294 et
954 2231 1437 2312 mortemadmirabiliadesola-

233 2332 357 2396 tionem
366 2331 495 2411 civium,
503 2341 536 2397 et
545 2353 636 2396 susm
648 2331 859 2417 ereptionem,
868 2341 902 2395 et
911 2331 1062 2417 quicquid
1074 2343 1182 2398 actum
1193 2343 1262 2415 est3
1285 2356 1359 2399 cum
1369 2357 1436 2400 non

232 2436 421 2500 redhibetur
431 2456 544 2522 equus,
554 2434 637 2498 nihil
648 2444 788 2519 reputat.
830 2434 942 2498 Mutat
956 2455 1032 2519 ergo
1043 2435 1170 2500 uultum
1185 2447 1220 2502 et
1233 2437 1380 2503 habitum
1394 2439 1436 2502 si-

234 2539 347 2618 mulat,
359 2538 551 2617 dissimulat,
564 2559 630 2602 non
643 2547 734 2602 curat
742 2536 794 2601 cui
803 2535 916 2600 similis
931 2536 988 2600 fist
999 2537 1177 2603 dummodo
1188 2538 1249 2604 sibi
1260 2538 1436 2620 dissimilis,

233 2639 434 2726 compositos
449 2648 483 2704 et
498 2639 560 2703 sibi
580 2648 738 2724 quantum
753 2647 863 2724 potest
877 2638 1060 2725 oppositus,
1080 2641 1193 2705 eadem
1208 2641 1369 2706 evasionis
1384 2643 1436 2707 die

233 2740 429 2828 pauperibus
439 2740 559 2805 assidet
569 2755 603 2804 et
610 2740 831 2819 introductus3
851 2750 943 2804 cavet
952 2761 993 2806 ne
1004 2739 1145 2805 dominre
1155 2752 1300 2827 opponat
1311 2742 1436 2822 faciem,

236 2846 293 2910 sed
304 2854 457 2931 procurat
470 2855 508 2910 ut
521 2855 609 2910 retro
624 2843 814 2927 praecelsum
830 2844 882 2908 cui
897 2843 968 2929 ipsa
982 2844 1144 2910 insidebat
1155 2867 1324 2912 scamnum
1340 2848 1437 2914 dorso

235 2950 278 3014 ad
293 2950 426 3014 dorsum
443 2949 563 3014 sedeat.
607 2948 760 3012 Precatur
773 2946 808 3011 in
824 2947 904 3012 hora
914 2969 1014 3013 coenae
1029 2948 1084 3034 qui
1099 2949 1331 3034 coepulabatur
1343 2951 1438 3017 miles

235 3052 401 3120 dominam
427 3053 577 3138 quatinus
600 3073 676 3116 cum
697 3051 769 3136 ipso
795 3060 955 3115 nocturno
981 3061 1127 3138 tempore
1153 3054 1194 3117 ad
1214 3076 1289 3120 suas
1311 3055 1440 3120 recedat

234 3157 353 3242 quibus
373 3156 518 3222 abundat
532 3157 690 3233 civitates,
712 3154 852 3240 allegans
874 3154 962 3240 quod
985 3153 1026 3219 ab
1046 3156 1136 3220 omni
1157 3157 1273 3223 timore
1299 3159 1438 3224 Rascnis

233 3258 334 3324 libens
355 3260 461 3346 possit
481 3260 515 3324 in
539 3258 661 3324 deliciis
683 3267 752 3323 tota
771 3257 910 3342 gaudere
925 3258 1001 3322 vita.
1045 3259 1179 3323 Talibus
1194 3269 1228 3326 et
1242 3261 1312 3324 aliis
1327 3262 1439 3347 paucis

233 3364 342 3429 verbis
356 3363 535 3443 allubescit,
550 3371 702 3448 oratuque
728 3361 882 3426 novitatis
905 3361 1042 3427 amatrix
1067 3362 1183 3427 mulier
1203 3364 1245 3428 ad
1267 3386 1326 3428 sus
1348 3364 1440 3430 facilc

235 3465 393 3532 desideria
406 3467 562 3546 trahitur;
585 3466 664 3529 hors
679 3463 866 3551 designatur
884 3472 960 3528 ante
980 3463 1144 3543 lucanum,
1157 3464 1249 3529 locus
1263 3475 1359 3550 porta
1373 3489 1440 3532 me·

233 3569 364 3634 ridialis.
410 3569 486 3634 Hiis
501 3590 576 3654 crgo
592 3567 717 3633 cautius
727 3569 815 3632 Raso
827 3567 959 3645 notatis,
970 3566 1065 3632 lectus
1077 3568 1249 3652 egreditur,
1260 3568 1394 3634 festinat
1407 3579 1441 3636 et

233 3681 376 3736 armatus
391 3692 410 3734 a
424 3679 529 3735 castro
545 3691 604 3734 suo
626 3668 807 3749 revertitur,
830 3669 863 3731 in
878 3677 1010 3733 noctem
1024 3678 1058 3733 et
1072 3669 1107 3733 in
1121 3669 1176 3733 illc
1190 3668 1348 3733 meridiali
1367 3692 1441 3756 per-

233 3795 300 3838 nox
320 3771 470 3852 excubat,
486 3793 617 3837 securus
632 3773 667 3835 in
682 3771 818 3836 militem
840 3771 961 3835 irruere
976 3771 1004 3837 si
1018 3771 1153 3850 venerit,
1168 3781 1206 3836 ut
1226 3772 1336 3858 ipsum
1357 3773 1441 3839 inte-

233 3877 340 3957 rimat,
352 3875 404 3941 vel
419 3875 584 3940 dominam
608 3873 670 3938 sub
685 3874 789 3960 ipsius
804 3873 964 3939 abducere
978 3883 1059 3960 typo
1080 3873 1108 3938 si
1129 3875 1331 3960 praevenerit.
1376 3876 1441 3942 Sed

233 4003 306 4067 quae
321 4002 388 4044 non
404 3980 525 4044 dormit
537 3979 571 4042 in
587 3977 754 4042 desideriis
769 3977 884 4042 mulier
898 3979 1053 4064 anticipat
1066 3978 1191 4059 horam,
1205 3979 1320 4044 videns
1334 3979 1440 4045 virum

233 4091 394 4150 armatum
414 4082 591 4148 adductum
607 4081 669 4147 sibi
690 4079 931 4166 optatissimum
951 4103 1071 4167 equum
1091 4083 1187 4148 offert
1200 4083 1353 4170 quatinus
1378 4103 1441 4167 ope

233 4207 292 4251 sua
312 4186 511 4253 conscendat
532 4207 618 4252 eum.
662 4184 708 4248 At
722 4183 774 4248 ille
786 4183 856 4248 visa
878 4205 935 4268 spe
959 4206 1017 4248 sua
1038 4205 1105 4248 non
1125 4183 1286 4251 immerito
1306 4185 1442 4269 impiger
