3610 4852
389 506 451 564 190
822 517 1009 562 concrum
1035 517 1156 560 nuens
1391 520 1513 582 [pisane.
1528 522 1574 572 IV.

385 687 566 753 Audientes
578 687 666 750 hune
675 686 853 750 tumultum
863 684 1165 771 quosabsconderat
1176 685 1306 770 sapiens
1315 697 1449 752 eentum
1459 689 1591 770 milites,

386 792 544 856 Leucium
567 789 667 853 subiti
688 800 858 874 occupant,
882 790 1055 875 ipsumque
1073 790 1291 874 familiamque
1307 800 1420 876 captos
1436 802 1591 878 tanquam

386 895 569 980 proditores
584 893 681 978 digna
695 903 800 958 morte
816 894 991 978 suspendio
1008 893 1178 958 mulctant.
1225 893 1334 958 Cessit
1348 905 1458 959 autem
1474 917 1514 960 ex
1528 898 1591 962 hoc

387 1008 457 1063 tota
480 996 648 1060 Britannia
681 995 848 1060 Salomoni
873 1005 906 1060 et
931 995 999 1060 suis
1024 995 1219 1061 haeredibus.
1264 998 1459 1084 Quicunque
1489 999 1592 1064 lector

386 1103 456 1166 haee
478 1101 640 1186 perlegere
663 1099 814 1184 dignatus
836 1099 944 1178 suerit,
968 1121 1008 1165 ex
1025 1099 1136 1164 multis
1156 1110 1190 1164 et
1212 1100 1347 1165 diversis
1363 1102 1438 1166 hinc
1454 1103 1589 1167 edoctus

387 1204 512 1290 injuriis
532 1205 574 1268 ad
594 1204 751 1268 cautelam
767 1203 953 1282 armabitur,
976 1225 1074 1289 quam
1097 1202 1268 1269 observare
1283 1227 1356 1269 eum
1378 1206 1590 1271 indemnitate

386 1331 454 1373 non
480 1307 609 1392 poterit,
636 1307 700 1371 nisi
725 1308 904 1372 fortissimo
932 1308 1168 1393 compescuerit
1196 1308 1363 1372 avaritiam
1389 1309 1493 1388 freno,
1519 1330 1590 1395 quac

387 1413 472 1476 fame
492 1411 611 1475 arctius
634 1419 669 1475 et
692 1409 746 1474 siti
768 1411 922 1496 omnique
946 1412 1138 1476 necessitate
1160 1413 1275 1477 foedius
1298 1413 1437 1498 impellit
1459 1413 1492 1477 in
1517 1434 1589 1499 pro-

387 1517 525 1580 fundum
540 1515 702 1600 nequitiae.
747 1515 834 1578 Nam
851 1524 885 1580 et
895 1515 966 1580 haec
980 1517 1098 1582 horum
1113 1538 1210 1582 causa
1225 1517 1287 1582 fuit
1301 1539 1503 1583 excessuum.

641 1792 690 1853 De
706 1791 805 1854 Scevc
819 1797 851 1854 et
869 1789 978 1855 Olloae
993 1794 1227 1856 mercatoribus.
1271 1792 1336 1856 xvi.

434 1988 535 2052 Sceva
555 1997 588 2051 et
607 1985 694 2067 Ollo,
718 2008 812 2072 pares
827 1997 933 2069 aetate,
958 1989 1103 2053 moribus
1128 1989 1278 2075 impares,
1302 1990 1396 2076 pueri
1420 1990 1460 2054 de
1486 1990 1588 2076 plebe,

389 2094 506 2178 adepta
532 2090 628 2155 simul
653 2091 779 2154 modica
794 2091 985 2167 substantia,
1002 2091 1079 2157 facti
1095 2103 1172 2157 sunt
1188 2093 1307 2158 nostris
1328 2093 1494 2158 institores
1509 2107 1589 2158 tem·

388 2196 522 2284 poribus
552 2216 724 2280 parvarum
749 2194 838 2278 prius
861 2195 1028 2275 mercium,
1054 2206 1087 2260 et
1113 2197 1230 2261 deinde
1256 2193 1417 2282 frequenti
1441 2219 1591 2262 successu

390 2321 588 2385 magnarum.
632 2297 718 2360 Nam
734 2320 753 2360 a
768 2297 905 2362 collariis
920 2297 1044 2383 bigarii,
1069 2323 1087 2363 a
1110 2299 1241 2384 bigariis
1267 2302 1444 2365 multorum
1470 2302 1591 2366 domini

389 2402 496 2470 effecti
523 2411 601 2466 sunt
625 2401 819 2485 aurigarum,
849 2422 976 2486 semper
1005 2414 1115 2467 autem
1140 2403 1252 2468 fideles
1283 2404 1373 2469 socii.
1418 2405 1591 2490 Ampliatis

389 2530 464 2593 ergo
480 2505 652 2584 mercibus,
666 2515 704 2568 ut
719 2504 796 2568 alias
812 2504 939 2584 dicitur,
955 2507 1056 2569 crevit
1070 2528 1161 2570 amor
1186 2506 1312 2570 nummi
1339 2518 1497 2593 quantum
1524 2507 1592 2592 ipse

389 2609 555 2698 pecunia*
600 2607 676 2672 Jam
693 2607 855 2671 societatis
882 2607 1048 2670 vinculum
1073 2619 1106 2671 et
1132 2609 1374 2672 communitatis
1390 2608 1468 2672 unio
1484 2609 1593 2695 displi-

391 2715 468 2791 cuit,
485 2721 630 2796 separatu
653 2711 757 2796 placet
782 2710 973 2796 proprietas,
1000 2711 1149 2776 dividunt
1175 2713 1293 2790 omnia,
1320 2721 1424 2777 sortes
1447 2713 1593 2792 mittunt,

389 2816 475 2881 tollit
490 2824 624 2898 uterque
639 2812 726 2898 quod
742 2811 803 2876 sibi
819 2834 964 2876 seorsum
980 2813 1124 2897 ponitur,
1138 2814 1295 2878 recedunt
1306 2813 1345 2877 ab
1358 2813 1498 2877 invicem
1510 2814 1595 2879 dicta

391 2925 584 3001 acceptaque
615 2915 727 2978 salute.
773 2915 885 2994 Sceva,
907 2926 944 2979 ut
970 2925 1038 2980 erat
1063 2915 1203 2980 liberalis
1230 2927 1263 2981 et
1293 2918 1473 2981 secundum
1503 2940 1594 2981 suam

390 3020 513 3083 facetus
526 3027 657 3095 sortem,
672 3039 747 3081 eum
762 3017 934 3105 lachrymis
948 3019 1098 3084 hortatur
1110 3019 1264 3084 Ollonem
1275 3030 1314 3084 ut
1327 3020 1417 3084 nulla
1428 3021 1468 3084 de
1480 3030 1594 3085 caetero

392 3123 434 3188 sit
448 3122 532 3185 inter
547 3142 603 3184 eos
619 3120 869 3185 commeantium
891 3124 1004 3187 raritas
1030 3123 1236 3203 nunciorum,
1251 3123 1500 3210 quibuscunque
1520 3147 1596 3190 con-

391 3226 517 3290 sideant
532 3223 616 3287 villis
632 3234 688 3287 aut
697 3223 843 3303 urbibus,
853 3235 909 3290 aut
925 3225 1081 3311 separatis
1097 3227 1245 3311 personis
1260 3227 1419 3292 unitatem
1428 3227 1526 3291 faeiat
1536 3229 1596 3291 fre-

390 3337 545 3415 quentata
560 3327 770 3392 commonitio
784 3328 975 3392 dilectionis.
1006 3331 1116 3416 Elegit
1125 3330 1159 3393 in
1172 3331 1328 3394 Ravenna
1337 3353 1467 3395 manere
1483 3331 1596 3410 Sceva,

390 3441 561 3516 castusque
578 3429 633 3494 diu
649 3430 812 3492 mutandis
828 3430 991 3495 mercibus
1008 3432 1144 3496 studuit.
1190 3431 1266 3497 Ollo
1290 3433 1397 3517 Papiae
1420 3433 1597 3496 formosam

391 3535 484 3598 duxit
498 3555 643 3597 uxorem.
688 3533 804 3598 Primis
820 3534 905 3599 inter
914 3557 970 3598 eos
982 3535 1184 3620 temporibus
1196 3535 1290 3599 multi
1303 3534 1466 3600 sudabant
1478 3535 1598 3616 nuncii,

391 3638 523 3700 tandem
553 3636 755 3721 quieverunt.
800 3637 902 3701 Soeva
927 3639 1014 3702 enim
1040 3651 1077 3704 ut
1104 3639 1258 3704 Ollonem
1287 3640 1434 3704 visitaret
1464 3640 1597 3724 Papiam

391 3740 488 3824 petiit
511 3762 585 3803 curn
611 3740 714 3803 multa
739 3763 837 3803 manu
865 3741 1086 3821 servientium,
1112 3751 1146 3807 et
1174 3741 1259 3807 bene
1284 3743 1447 3821 redimito,
1470 3753 1503 3807 et
1526 3764 1599 3808 eece

394 3840 546 3905 Ollonem
559 3837 687 3904 obviam
700 3839 815 3905 habuit
830 3864 902 3906 oum
915 3840 997 3928 bigis
1010 3844 1137 3908 onustis
1149 3855 1376 3931 properantem
1388 3846 1428 3909 ad
1438 3846 1600 3910 nundinas

814 4101 830 4134 '¹'
847 4103 961 4164 Juvenal,
976 4105 1028 4154 Sat.
1040 4107 1089 4155 xir.
1102 4107 1119 4154 l.
1135 4111 1191 4158 139.
