3610 4852
846 469 1034 513 ausurum
1060 469 1179 513 MAPES
1401 470 1521 532 [birtine.
1535 469 1581 518 lV.

695 635 776 700 Item
791 637 829 700 de
833 637 1026 718 fantasticis
1041 637 1303 718 apparitionibus.
1348 636 1415 700 viii.

454 769 540 835 Quia
566 769 606 834 de
633 769 791 835 mortibus
814 793 950 856 quarum
971 770 1093 855 judicia
1117 769 1215 835 dubia
1252 780 1330 835 sunt
1362 770 1477 837 incidit
1502 771 1615 849 oratio,

409 871 502 936 miles
522 871 651 957 quidam
670 871 847 937 Britannice
872 871 1034 936 minoris*
1054 893 1188 936 uxorem
1212 894 1304 936 suam
1329 872 1480 936 amissam
1496 872 1614 958 diuque

409 973 569 1058 ploratam
585 997 603 1037 a
618 982 723 1036 morte
738 995 807 1053 sua,
823 973 855 1037 in
873 995 990 1058 magno
1005 972 1210 1036 foeminarum
1225 983 1311 1037 coetu
1326 972 1367 1037 de
1383 982 1477 1038 nocte
1496 975 1616 1059 reperit

410 1079 445 1141 in
469 1077 614 1141 convalle
639 1075 823 1140 solitudinis
851 1075 1069 1161 amplissimae.
1114 1075 1256 1140 Miratur
1279 1086 1313 1141 et
1334 1077 1461 1154 metuit,
1484 1086 1518 1141 et
1539 1100 1613 1141 cum

410 1178 585 1244 redivivam
601 1178 710 1243 videat
724 1201 821 1264 quam
845 1179 1024 1263 sepelierat,
1042 1199 1109 1241 non
1131 1179 1233 1242 credit
1247 1179 1359 1259 oculis,
1371 1178 1489 1243 dubius
1505 1180 1615 1264 quida

411 1283 486 1346 fatis
515 1291 636 1366 agatur.
682 1282 780 1346 Certo
810 1281 965 1368 proponit
994 1281 1102 1344 animo
1131 1302 1254 1364 rapere,
1282 1291 1320 1345 ut
1350 1281 1390 1345 de
1419 1291 1512 1366 rapta
1541 1303 1615 1346 vere

410 1385 558 1470 gaudeat,
574 1384 602 1448 si
616 1406 691 1448 vere
705 1385 805 1463 videt,
828 1385 880 1448 vel
904 1385 1129 1448 afantasmate
1144 1383 1283 1462 fallatur,
1303 1407 1345 1449 ne
1360 1385 1465 1469 possit
1480 1407 1498 1447 a
1513 1383 1614 1449 desis·

412 1487 511 1551 tendo
527 1485 709 1551 timiditatis
725 1486 825 1571 argui.
870 1485 970 1569 Rapit
984 1506 1055 1548 eam
1075 1484 1183 1568 igitur,
1207 1494 1240 1548 et
1260 1484 1390 1569 gavisus
1406 1493 1457 1548 est
1471 1486 1542 1569 ejus
1557 1505 1614 1570 per

412 1590 534 1652 multos
548 1610 651 1652 annos
667 1589 829 1673 conjugio,
853 1599 919 1652 tam
937 1587 1090 1672 jocunde,
1115 1595 1182 1650 tam
1198 1587 1375 1666 celebriter,
1390 1597 1428 1652 ut
1442 1586 1613 1672 prioribus,

413 1701 447 1755 et
462 1713 502 1756 ex
516 1691 587 1777 ipsa
602 1692 746 1775 suscepit
767 1691 898 1768 liberos,
914 1711 1053 1774 quorum
1074 1689 1171 1753 hodic
1185 1691 1354 1775 progenies
1377 1712 1493 1774 magna
1507 1699 1568 1767 est,
1584 1699 1616 1752 et

406 1795 471 1879 filit
485 1801 615 1858 mortuae
629 1794 789 1858 dicuntur.
845 1791 1046 1857 Incredibilis
1073 1791 1203 1877 quidem
1230 1800 1263 1857 et
1288 1793 1473 1878 prodigialis
1499 1792 1615 1877 injuria

414 1907 548 1976 naturae,
563 1897 591 1960 si
606 1918 672 1961 non
689 1907 836 1962 extarent
851 1904 937 1960 certa
951 1895 1087 1990 vestigia
1101 1895 1254 1960 veritatis.

768 2087 848 2148 Item
863 2085 902 2148 de
916 2085 1173 2167 appetitionibus.
1217 2083 1260 2147 ix.

459 2224 580 2287 Henno
595 2245 670 2287 cum
687 2221 871 2300 dentibus,†
895 2221 941 2284 sic
955 2243 975 2284 a
990 2221 1136 2285 dentium
1161 2221 1380 2307 magnitudine
1405 2219 1522 2300 dictus,
1545 2243 1615 2306 spe-

413 2325 624 2389 ciosissimam
639 2325 673 2386 in
688 2324 843 2388 umbroso
869 2345 1000 2387 nemore
1026 2324 1165 2408 puellam
1190 2325 1314 2388 invenit
1336 2324 1416 2388 hora
1439 2325 1613 2389 meridiana

414 2450 506 2492 secus
516 2449 604 2491 oram
617 2426 800 2492 Normanni
811 2427 924 2490 litoris.
963 2426 1103 2490 Sedebat
1116 2427 1184 2490 sola
1195 2426 1354 2512 regalibus
1368 2438 1481 2491 ornata
1496 2427 1614 2504 sericis,

412 2528 573 2614 flebatque
599 2529 669 2594 sine
690 2551 769 2594 voce
794 2529 983 2613 suppliciter
1006 2527 1221 2612 pulcherrima
1236 2549 1342 2591 rerum
1358 2539 1392 2592 et
1406 2551 1502 2612 quam
1517 2529 1612 2592 etiam

413 2632 585 2716 lachrymae
595 2633 755 2697 decerent.
786 2631 959 2696 lncslescit
968 2631 1041 2716 igne
1053 2641 1210 2716 concepto
1221 2632 1362 2716 juvenis.
1394 2633 1535 2696 Miratur
1549 2642 1613 2695 tarn

413 2735 593 2818 pretiosum
619 2735 688 2799 aine
712 2734 847 2799 custode
866 2734 1064 2809 thesaurum,
1080 2743 1113 2797 et
1137 2743 1290 2818 tanquam
1305 2734 1456 2819 illapsum
1479 2735 1519 2798 de
1535 2735 1614 2799 coelo

415 2836 505 2899 sidus
536 2837 576 2901 de
599 2836 717 2900 vicinia
742 2845 833 2899 terrae
860 2834 1022 2919 conqueri.
1069 2834 1309 2918 Circumspicit,
1335 2857 1409 2898 nam
1434 2857 1453 2897 a
1475 2833 1616 2898 latibulis

415 2939 510 3002 timet
523 2939 668 3016 insidias,
682 2960 749 3001 non
763 2938 905 3002 inventis
921 2938 951 3000 ei
967 2936 1155 3022 suppliciter
1174 2937 1208 3000 in
1231 2938 1367 3022 genibus
1382 2948 1467 3002 astat
1481 2953 1515 3002 et
1529 2959 1617 3002 reve-

415 3051 523 3103 renter
538 3040 729 3124 alloquitur:
752 3045 774 3076 “
783 3040 1019 3104 Dulcissimum
1030 3039 1131 3104 totius
1143 3038 1229 3103 orbis
1241 3048 1275 3103 et
1289 3039 1504 3104 clarissimum
1520 3040 1617 3105 decus

417 3164 475 3206 seu
489 3152 609 3207 nostrae
625 3143 720 3206 sortis
735 3152 786 3206 est
796 3143 867 3206 haec
888 3153 955 3206 tem
974 3141 1193 3206 desiderabilis
1208 3142 1300 3208 faciei
1322 3143 1487 3222 serenitas,
1511 3164 1617 3206 seusa

416 3245 579 3324 divinitas,
593 3245 644 3309 his
661 3245 841 3310 redimitam
856 3244 1010 3323 flosculis,
1025 3245 1087 3308 boc
1101 3243 1224 3308 lumine
1238 3245 1401 3323 vestitam,
1415 3245 1482 3308 suis
1492 3245 1525 3308 in
1535 3253 1618 3310 terra

415 3347 520 3412 voluit
541 3347 670 3411 ostendi
692 3345 881 3425 cultoribus,
907 3346 1032 3430 gaudeo
1062 3354 1096 3409 et
1117 3345 1255 3431 gaudere
1284 3356 1317 3410 te
1345 3348 1448 3424 decet,
1472 3348 1559 3432 quod
1584 3347 1616 3410 in

416 3473 488 3515 mea
502 3461 534 3515 te
549 3451 685 3534 contigit
706 3459 867 3534 potestate
883 3448 1071 3526 considere3
1094 3449 1148 3512 hei
1170 3448 1268 3512 mihi!
1292 3450 1380 3535 quod
1402 3451 1442 3514 ad
1466 3459 1523 3514 tua
1547 3472 1617 3514 sum

416 3555 604 3638 praeelectus
620 3553 783 3638 obsequia,
799 3552 859 3616 tibi
873 3552 983 3636 gloria,
1007 3552 1095 3636 quod
1119 3551 1160 3615 ad
1184 3552 1272 3615 idem
1294 3553 1440 3617 locorum
1455 3575 1520 3637 quo
1536 3551 1617 3618 desi·

448 3717 463 3748 *
479 3715 540 3764 This
560 3721 628 3777 story
644 3715 688 3762 has
706 3713 759 3762 also
776 3713 839 3761 been
859 3711 1001 3761 mentioued
1033 3711 1099 3760 work
1112 3711 1141 3760 oi
1158 3712 1201 3760 the
1212 3713 1351 3762 celebrated
1362 3728 1476 3764 romanoe
1491 3715 1521 3763 of
1539 3715 1618 3764 Melu-

416 3797 509 3853 heiore‚
522 3797 629 3845 Distinc.
644 3795 692 3852 11..
705 3810 727 3843 c.
742 3795 780 3842 13.
1034 3794 1096 3852 sine,
1109 3793 1137 3842 oi
1145 3793 1188 3841 the
1199 3793 1286 3856 legend
1298 3795 1326 3842 ot
1342 3795 1385 3844 the
1395 3795 1461 3845 elder
1476 3796 1505 3844 of
1516 3796 1581 3854 offa,
1593 3811 1618 3844 ss

448 3879 468 3932 †
484 3877 544 3924 This
556 3891 604 3924 vas
615 3890 698 3936 every
708 3875 812 3937 popular
822 3874 911 3936 legend
921 3875 947 3922 iu
958 3875 1001 3922 the
1034 3873 1088 3921 told
1098 3874 1132 3937 by
1143 3873 1264 3922 Matthev
1277 3874 1354 3933 Paris,
1367 3875 1415 3923 and
1427 3876 1455 3924 ot
1465 3892 1479 3924 r
1489 3877 1618 3926 multitude

417 3957 513 4006 Middle
525 3960 598 4019 riges,
610 3956 706 4018 applied
726 3961 753 4004 to
769 3956 882 4005 different
898 3971 1001 4018 persons
1035 3954 1064 4002 of
1079 3954 1163 4002 others
1175 3955 1254 4003 which
1266 3971 1307 4004 are
1319 3957 1439 4006 scsttered
1455 3958 1563 4021 through
1579 3958 1619 4006 the

417 4037 466 4086 end
476 4038 502 4084 iu
514 4036 626 4084 different
637 4037 724 4086 forms.
758 4037 782 4085 lt
797 4039 819 4086 is
836 4037 878 4086 the
896 4037 1000 4099 ground·
1035 4037 1130 4098 history
1141 4037 1169 4085 of
1178 4037 1220 4085 the
1232 4035 1328 4086 Middle
1339 4037 1415 4099 Ages.
