3650 4852
271 513 399 579 ειμι]
646 517 694 562 ns
718 514 1076 564 uuarr‘cunraarmr.
1420 500 1461 562 28

253 663 484 730 inundationes
499 687 519 729 a
532 665 640 731 medio
656 667 739 733 Maii
754 671 857 735 donec
873 669 1118 755 septuagesima
1133 667 1235 746 fieret,
1250 687 1323 752 quoe
1346 675 1462 751 negate

253 767 350 832 nobis
365 791 504 848 annona,
516 770 674 836 fructibus
690 773 866 853 suffocatis,
882 775 967 839 foeda
982 795 1110 860 quoque
1124 772 1305 856 germinum
1322 771 1419 835 noxie
1428 779 1462 836 et

255 867 382 932 inutilia
396 879 597 951 creaverunt,
612 893 882 960 communemque
897 875 1043 939 iecerunt
1057 874 1245 939 animalium
1257 883 1460 959 stragemque

257 969 438 1034 hominum.
484 971 633 1056 Cumque
649 975 826 1060 Neptunus
842 998 970 1061 semper
985 986 1041 1041 aut
1056 998 1143 1062 saepe
1159 975 1298 1061 Cybeles
1317 976 1462 1061 inopiam

257 1093 317 1135 sua
336 1073 430 1157 copia
451 1073 547 1152 levet,
570 1076 687 1140 clausit
711 1099 731 1141 a
756 1087 841 1144 terra
864 1079 1091 1144 misericordie
1114 1078 1239 1142 visam
1263 1100 1362 1158 mere,
1386 1079 1462 1142 soli-

259 1182 395 1259 tumque
410 1176 512 1239 sorori
521 1181 651 1262 negavit
660 1180 874 1266 impendium.
917 1180 1056 1246 Addidit
1066 1181 1163 1245 etiarn
1173 1189 1327 1264 tauquam
1339 1179 1461 1245 oblitus

256 1276 399 1341 misereri
414 1277 577 1341 Dominus
592 1281 633 1344 ad
649 1281 793 1346 dolorem
816 1282 1026 1366 turpitudinis
1048 1292 1233 1367 temporum
1259 1281 1462 1346 sterilitatem

257 1383 361 1454 terrae,
378 1374 486 1454 meris,
502 1384 536 1439 et
549 1377 642 1457 aeris,
659 1379 809 1462 spiritum
826 1379 994 1444 discordiae
1012 1381 1109 1444 solvit
1125 1382 1166 1447 ab
1181 1383 1300 1462 inferis,
1317 1392 1350 1446 et
1364 1405 1462 1467 quem

259 1497 351 1542 cruce
366 1477 470 1541 carnis
486 1490 661 1565 assumptae
676 1481 830 1566 ligaverat
851 1481 886 1545 in
910 1482 989 1547 orbe
1012 1492 1082 1547 toto
1107 1483 1219 1548 ludere
1243 1486 1404 1549 concessit
1429 1493 1463 1549 et

258 1599 317 1663 pro
333 1588 410 1643 voto
426 1579 569 1663 pessimo
593 1581 788 1647 Christianis
811 1583 956 1647 illudere.
1001 1584 1160 1650 Nondum
1186 1587 1379 1670 completam
1400 1586 1463 1651 ini·

259 1681 415 1766 quitatem
437 1681 535 1760 malo,
561 1682 606 1748 ait
632 1685 808 1764 Dominus,
842 1694 876 1750 et
910 1684 1038 1748 distulit
1074 1708 1146 1751 eam
1178 1688 1322 1772 perdere,
1358 1690 1462 1755 donec

258 1783 465 1868 impleretur3
490 1784 548 1848 sed
563 1795 675 1850 nostra
688 1787 853 1851 videbitur
868 1797 934 1851 tam
950 1789 1113 1871 completa
1138 1800 1205 1854 tam
1230 1792 1393 1857 cumulata
1415 1793 1462 1855 fa-

257 1886 367 1962 tuitas,
378 1895 417 1949 ut
426 1909 493 1950 non
505 1896 633 1951 tantum
643 1887 677 1950 in
692 1898 804 1951 nostra
817 1887 869 1952 vel
885 1888 919 1950 in
935 1911 996 1952 nos
1008 1889 1108 1954 irruat
1117 1891 1294 1977 iniquitatis
1304 1894 1396 1971 ultio,
1407 1892 1464 1956 sed

258 1986 292 2048 in
307 2008 478 2072 personam
493 1989 656 2074 propriam
671 1998 804 2074 putetur
818 1991 987 2054 admittere
1002 1989 1179 2058 vindictam
1196 1995 1347 2060 Sathanae
1360 1996 1465 2058 victor

259 2089 329 2172 ejus
344 2089 508 2154 Dominus
530 2089 662 2154 Jhesus.
707 2092 794 2155 Nam
809 2093 842 2156 in
859 2093 973 2156 eodem
998 2093 1195 2160 infelicitatis
1210 2119 1306 2174 anno,
1336 2106 1463 2180 captam

259 2191 351 2255 aiunt
365 2201 399 2254 et
413 2191 606 2275 captivatam
623 2202 769 2255 sanctum
785 2193 948 2257 ciuitatem
963 2193 1146 2260 Jerusalem
1162 2220 1181 2259 a
1196 2196 1348 2261 Saladino
1373 2196 1463 2278 prin-

259 2295 330 2380 cipe
352 2296 582 2379 paganorum,*
604 2303 761 2378 pesteque
785 2295 959 2359 cruentiori
982 2293 1210 2376 depopulatam
1227 2315 1324 2378 quam
1338 2291 1465 2357 fleverit

259 2396 419 2462 Jeremies
445 2395 479 2459 in
504 2394 641 2472 threnis,
664 2395 720 2479 qui
745 2395 827 2459 flens
852 2395 907 2472 ait,
933 2392 1153 2458 “Sacerdotes
1186 2396 1256 2479 ejus
1285 2403 1465 2480 gementes,

259 2499 401 2584 virgines
412 2500 482 2582 ejus
498 2497 707 2582 squalidae.''†
721 2497 797 2562 Jam
812 2498 846 2561 in
862 2518 900 2560 ea
914 2515 975 2559 nec
990 2493 1173 2558 sacerdotes
1184 2507 1320 2581 gemunt
1329 2517 1390 2562 nec
1401 2496 1465 2561 vir-

260 2602 351 2687 gines
361 2598 515 2684 squalidae
528 2610 615 2678 sunt,
625 2599 776 2683 quianon
787 2609 874 2664 sunt.
900 2600 953 2664 Ad
963 2599 1107 2664 modicas
1116 2609 1297 2666 vastaverat
1304 2599 1465 2686 populum

260 2705 348 2767 hunc
372 2701 468 2766 'litus
489 2700 649 2784 reliquias,
675 2700 764 2765 ultor
788 2700 979 2785 injuriarum
995 2699 1150 2778 Domini3
1174 2703 1231 2766 sed
1256 2703 1379 2766 inscius
1402 2702 1465 2767 iste.

260 2815 367 2870 totum
382 2805 530 2869 funditus
545 2804 733 2884 adnullavit,
745 2806 830 2870 facta
840 2826 973 2890 prorsus
990 2805 1137 2870 omnium
1147 2803 1194 2868 ibi
1204 2803 1463 2867 Christianorum

262 2909 433 2973 deletione.
468 2905 660 2990 Sepulcrum
675 2911 709 2967 et
723 2925 803 2966 crux
818 2904 952 2968 Domini
965 2903 1075 2989 praeda
1090 2911 1168 2966 sunt
1187 2921 1315 2981 canum,
1327 2923 1465 2985 quorum

259 3007 362 3070 fames
371 3006 405 3069 in
416 3002 669 3069 tantumlassata
677 3000 740 3063 fuit
748 3011 782 3066 et
791 3002 947 3086 sanguine
957 3004 1301 3086 martyrorumsatiata,
1310 3011 1348 3067 ut
1357 3003 1466 3087 plures

262 3110 301 3173 ad
328 3107 585 3193 redemptionem
611 3101 822 3184 admiserunt,
847 3126 914 3169 non
940 3114 1009 3168 tum
1035 3103 1213 3190 cupiditate
1237 3105 1383 3190 pecuniae
1412 3105 1466 3169 vel

263 3210 392 3275 defectu
406 3206 548 3284 malitie,
564 3225 660 3289 quam
677 3202 804 3287 ignavia
818 3204 1035 3290 relanguentis
1059 3214 1094 3269 et
1116 3205 1210 3270 iesse
1232 3205 1342 3270 rabiei.
1387 3206 1464 3270 Non

264 3313 349 3376 enim
366 3311 499 3376 deerant
522 3306 603 3372 colla
629 3305 802 3384 submissa,
829 3308 883 3371 sed
912 3308 1100 3372 defecerunt
1122 3308 1228 3392 gladii.
1274 3308 1466 3392 Redemptis

263 3424 372 3480 autem
397 3435 465 3478 non
491 3418 542 3476 est
564 3407 764 3493 subsequuta
785 3407 928 3489 libertas,
950 3412 1009 3475 sed
1035 3410 1091 3495 qui
1117 3431 1152 3474 se
1177 3411 1374 3476 redimerent
1399 3410 1468 3474 dati

297 3615 470 3665 *Jerusalem
483 3627 530 3662 vsa
549 3613 625 3662 taken
643 3613 676 3675 by
695 3612 794 3662 Suladin
814 3629 848 3662 on
879 3615 1005 3664 thevast.
1039 3613 1093 3662 The
1105 3614 1190 3672 latter,
1202 3613 1230 3661 iu
1240 3613 1306 3662 their
1318 3613 1371 3660 acal
1379 3611 1419 3660 for
1427 3611 1470 3664 the

264 3699 309 3747 the
328 3696 361 3745 ed
379 3695 408 3743 of
423 3692 542 3750 October,
573 3695 645 3742 1187.
675 3692 731 3742 The
748 3698 849 3756 present
881 3693 984 3752 chureii,
997 3692 1146 3742 overlooked
1160 3691 1368 3741 themoderetion
1384 3691 1469 3742 ahava

266 3780 369 3842 chapter
380 3791 428 3826 ves
440 3772 558 3837 probably
569 3773 667 3820 written
678 3772 706 3821 in
718 3773 760 3821 the
774 3773 850 3821 midat
881 3771 974 3833 hythe
992 3787 1131 3835 conqueror
1150 3771 1256 3820 towards
1274 3773 1317 3821 the
1344 3771 1469 3824 Christian

265 3862 295 3911 oi
309 3862 353 3909 the
372 3855 559 3908 westernetion
576 3852 659 3903 which
675 3853 718 3902 the
736 3867 803 3900 newa
824 3853 853 3901 ol
882 3853 1029 3916 population
1040 3853 1069 3902 of
1078 3853 1119 3902 the
1131 3853 1191 3914 holy
1201 3853 1261 3916 city.

265 3943 321 3992 that
331 3946 405 3992 erent
416 3935 506 3988 caused
517 3951 607 3998 among
618 3934 660 3983 the
677 3933 813 3984 Christiane
825 3934 853 3983 ol
917 3935 937 3988 ι
954 3933 1092 3983 Lamentet.
1104 3934 1120 3986 J
1122 3949 1197 3984 erem.
1209 3934 1227 3984 i.
1239 3939 1265 3984 4.
