<?xml version="1.0" encoding="UTF-8"?>
<!DOCTYPE html PUBLIC "-//W3C//DTD XHTML 1.0 Transitional//EN"
    "http://www.w3.org/TR/xhtml1/DTD/xhtml1-transitional.dtd">
<html xmlns="http://www.w3.org/1999/xhtml" xml:lang="en" lang="en">
 <head>
  <title>
</title>
<meta http-equiv="Content-Type" content="text/html;charset=utf-8" />
  <meta name='ocr-system' content='tesseract 3.04.00' />
  <meta name='ocr-capabilities' content='ocr_page ocr_carea ocr_par ocr_line ocrx_word'/>
</head>
<body>
  <div class='ocr_page' id='page_1' title='image "./gualterimapesde00mapgoog/gualterimapesde00mapgoog_0089.png"; bbox 0 0 3650 4852; ppageno 0'>
   <div class='ocr_carea' id='block_1_1' title="bbox 402 550 1590 653">
    <p class='ocr_par' dir='ltr' id='par_1_1' title="bbox 402 550 1590 653">
     <span class='ocr_line' id='line_1_1' title="bbox 402 550 1590 653; baseline -0.004 -43"><span class='ocrx_word' id='word_1_1' title='bbox 402 550 446 610; x_wconf 81' lang='grc'><strong>66</strong></span> <span class='ocrx_word' id='word_1_2' title='bbox 837 561 1026 610; x_wconf 74' lang='lat' dir='ltr'><strong>ausuram</strong></span> <span class='ocrx_word' id='word_1_3' title='bbox 1049 559 1171 606; x_wconf 68' lang='lat' dir='ltr'><strong>ueras</strong></span> <span class='ocrx_word' id='word_1_4' title='bbox 1430 557 1590 653; x_wconf 58' lang='lat' dir='ltr'><strong>quaem.</strong></span> 
     </span>
    </p>
   </div>
   <div class='ocr_carea' id='block_1_2' title="bbox 399 712 1605 2641">
    <p class='ocr_par' dir='ltr' id='par_1_2' title="bbox 399 712 1605 2641">
     <span class='ocr_line' id='line_1_2' title="bbox 399 712 1603 800; baseline -0.004 -19"><span class='ocrx_word' id='word_1_5' title='bbox 399 715 486 781; x_wconf 91' lang='lat' dir='ltr'><strong>rium</strong></span> <span class='ocrx_word' id='word_1_6' title='bbox 510 713 720 800; x_wconf 86' lang='lat' dir='ltr'><strong>Achitophel,</strong></span> <span class='ocrx_word' id='word_1_7' title='bbox 740 713 908 779; x_wconf 85' lang='lat' dir='ltr'><strong>avaritiam</strong></span> <span class='ocrx_word' id='word_1_8' title='bbox 929 712 1049 792; x_wconf 85' lang='lat' dir='ltr'><strong>Nabal,</strong></span> <span class='ocrx_word' id='word_1_9' title='bbox 1071 723 1106 778; x_wconf 87' lang='lat' dir='ltr'><strong>et</strong></span> <span class='ocrx_word' id='word_1_10' title='bbox 1126 733 1265 799; x_wconf 89' lang='lat' dir='ltr'><strong>quorum</strong></span> <span class='ocrx_word' id='word_1_11' title='bbox 1282 734 1350 779; x_wconf 90' lang='lat' dir='ltr'><strong>non</strong></span> <span class='ocrx_word' id='word_1_12' title='bbox 1376 723 1428 780; x_wconf 90' lang='lat' dir='ltr'><strong>est</strong></span> <span class='ocrx_word' id='word_1_13' title='bbox 1447 731 1603 778; x_wconf 87' lang='lat' dir='ltr'><strong>numerus</strong></span> 
     </span>
     <span class='ocr_line' id='line_1_3' title="bbox 401 815 1604 904; baseline -0.002 -22"><span class='ocrx_word' id='word_1_14' title='bbox 401 827 548 884; x_wconf 88' lang='lat' dir='ltr'><strong>monstra</strong></span> <span class='ocrx_word' id='word_1_15' title='bbox 572 817 693 884; x_wconf 89' lang='lat' dir='ltr'><strong>nostris</strong></span> <span class='ocrx_word' id='word_1_16' title='bbox 708 841 728 882; x_wconf 90' lang='lat' dir='ltr'><strong>a</strong></span> <span class='ocrx_word' id='word_1_17' title='bbox 742 818 847 904; x_wconf 90' lang='lat' dir='ltr'><strong>primo</strong></span> <span class='ocrx_word' id='word_1_18' title='bbox 862 817 1052 882; x_wconf 86' lang='lat' dir='ltr'><strong>continuata</strong></span> <span class='ocrx_word' id='word_1_19' title='bbox 1065 815 1278 900; x_wconf 73' lang='lat' dir='ltr'><strong>temporibus,</strong></span> <span class='ocrx_word' id='word_1_20' title='bbox 1293 825 1328 882; x_wconf 92' lang='lat' dir='ltr'><strong>et</strong></span> <span class='ocrx_word' id='word_1_21' title='bbox 1347 839 1415 882; x_wconf 93' lang='lat' dir='ltr'><strong>non</strong></span> <span class='ocrx_word' id='word_1_22' title='bbox 1430 817 1604 882; x_wconf 87' lang='lat' dir='ltr'><strong>abhorreas</strong></span> 
     </span>
     <span class='ocr_line' id='line_1_4' title="bbox 402 917 1605 1006; baseline -0.004 -20"><span class='ocrx_word' id='word_1_23' title='bbox 402 932 469 986; x_wconf 84' lang='lat' dir='ltr'><strong>tem</strong></span> <span class='ocrx_word' id='word_1_24' title='bbox 484 920 586 986; x_wconf 90' lang='lat' dir='ltr'><strong>nimio</strong></span> <span class='ocrx_word' id='word_1_25' title='bbox 596 921 717 986; x_wconf 87' lang='lat' dir='ltr'><strong>fastum</strong></span> <span class='ocrx_word' id='word_1_26' title='bbox 729 943 801 1006; x_wconf 78' lang='lat' dir='ltr'><strong>quae</strong></span> <span class='ocrx_word' id='word_1_27' title='bbox 815 943 904 986; x_wconf 89' lang='lat' dir='ltr'><strong>nunc</strong></span> <span class='ocrx_word' id='word_1_28' title='bbox 918 920 1003 984; x_wconf 89' lang='lat' dir='ltr'><strong>fiunt</strong></span> <span class='ocrx_word' id='word_1_29' title='bbox 1017 918 1197 984; x_wconf 88' lang='lat' dir='ltr'><strong>similia-vel</strong></span> <span class='ocrx_word' id='word_1_30' title='bbox 1210 920 1320 984; x_wconf 89' lang='lat' dir='ltr'><strong>minus</strong></span> <span class='ocrx_word' id='word_1_31' title='bbox 1331 918 1417 984; x_wconf 90' lang='lat' dir='ltr'><strong>vilia.</strong></span> <span class='ocrx_word' id='word_1_32' title='bbox 1448 919 1514 984; x_wconf 86' lang='lat' dir='ltr'><strong>Sed</strong></span> <span class='ocrx_word' id='word_1_33' title='bbox 1528 917 1605 1004; x_wconf 88' lang='lat' dir='ltr'><strong>quia</strong></span> 
     </span>
     <span class='ocr_line' id='line_1_5' title="bbox 400 1020 1603 1109; baseline -0.005 -21"><span class='ocrx_word' id='word_1_34' title='bbox 400 1023 530 1109; x_wconf 82' lang='lat' dir='ltr'><strong>gravior</strong></span> <span class='ocrx_word' id='word_1_35' title='bbox 544 1031 595 1088; x_wconf 90' lang='lat' dir='ltr'><strong>est</strong></span> <span class='ocrx_word' id='word_1_36' title='bbox 608 1022 767 1088; x_wconf 89' lang='lat' dir='ltr'><strong>malorum</strong></span> <span class='ocrx_word' id='word_1_37' title='bbox 783 1045 899 1089; x_wconf 89' lang='lat' dir='ltr'><strong>sensus</strong></span> <span class='ocrx_word' id='word_1_38' title='bbox 913 1045 1011 1109; x_wconf 91' lang='lat' dir='ltr'><strong>quam</strong></span> <span class='ocrx_word' id='word_1_39' title='bbox 1032 1022 1174 1100; x_wconf 91' lang='lat' dir='ltr'><strong>auditus,</strong></span> <span class='ocrx_word' id='word_1_40' title='bbox 1189 1021 1278 1106; x_wconf 92' lang='lat' dir='ltr'><strong>quod</strong></span> <span class='ocrx_word' id='word_1_41' title='bbox 1292 1021 1443 1085; x_wconf 77' lang='lat' dir='ltr'><strong>audimus</strong></span> <span class='ocrx_word' id='word_1_42' title='bbox 1459 1020 1603 1099; x_wconf 88' lang='lat' dir='ltr'><strong>silemus,</strong></span> 
     </span>
     <span class='ocr_line' id='line_1_6' title="bbox 402 1122 1603 1211; baseline -0.003 -21"><span class='ocrx_word' id='word_1_43' title='bbox 402 1133 437 1190; x_wconf 91' lang='lat' dir='ltr'><strong>et</strong></span> <span class='ocrx_word' id='word_1_44' title='bbox 450 1126 539 1211; x_wconf 90' lang='lat' dir='ltr'><strong>quod</strong></span> <span class='ocrx_word' id='word_1_45' title='bbox 553 1125 701 1190; x_wconf 77' lang='lat' dir='ltr'><strong>dolemus</strong></span> <span class='ocrx_word' id='word_1_46' title='bbox 716 1125 919 1210; x_wconf 86' lang='lat' dir='ltr'><strong>plangimus;</strong></span> <span class='ocrx_word' id='word_1_47' title='bbox 948 1132 1124 1210; x_wconf 86' lang='lat' dir='ltr'><strong>pensantes</strong></span> <span class='ocrx_word' id='word_1_48' title='bbox 1150 1122 1308 1188; x_wconf 79' lang='lat' dir='ltr'>deteriora</span> <span class='ocrx_word' id='word_1_49' title='bbox 1329 1123 1442 1204; x_wconf 84' lang='lat' dir='ltr'><strong>fuisse,</strong></span> <span class='ocrx_word' id='word_1_50' title='bbox 1467 1122 1603 1187; x_wconf 89' lang='lat' dir='ltr'><strong>modum</strong></span> 
     </span>
     <span class='ocr_line' id='line_1_7' title="bbox 401 1223 1603 1312; baseline -0.002 -22"><span class='ocrx_word' id='word_1_51' title='bbox 401 1226 578 1292; x_wconf 79' lang='lat' dir='ltr'><strong>habeamus</strong></span> <span class='ocrx_word' id='word_1_52' title='bbox 593 1227 627 1292; x_wconf 92' lang='lat' dir='ltr'><strong>in</strong></span> <span class='ocrx_word' id='word_1_53' title='bbox 641 1227 693 1292; x_wconf 90' lang='lat' dir='ltr'><strong>his</strong></span> <span class='ocrx_word' id='word_1_54' title='bbox 705 1249 777 1312; x_wconf 81' lang='lat' dir='ltr'><strong>quae</strong></span> <span class='ocrx_word' id='word_1_55' title='bbox 788 1227 908 1293; x_wconf 90' lang='lat' dir='ltr'><strong>leviora</strong></span> <span class='ocrx_word' id='word_1_56' title='bbox 919 1236 1008 1292; x_wconf 91' lang='lat' dir='ltr'><strong>sunt.</strong></span> <span class='ocrx_word' id='word_1_57' title='bbox 1053 1225 1185 1291; x_wconf 81' lang='lat' dir='ltr'><strong>Febuloe</strong></span> <span class='ocrx_word' id='word_1_58' title='bbox 1200 1224 1296 1290; x_wconf 90' lang='lat' dir='ltr'><strong>nobis</strong></span> <span class='ocrx_word' id='word_1_59' title='bbox 1304 1235 1338 1290; x_wconf 87' lang='lat' dir='ltr'><strong>et</strong></span> <span class='ocrx_word' id='word_1_60' title='bbox 1346 1223 1603 1290; x_wconf 73' lang='lat' dir='ltr'><strong>commonitoria</strong></span> 
     </span>
     <span class='ocr_line' id='line_1_8' title="bbox 402 1326 1604 1415; baseline -0.003 -21"><span class='ocrx_word' id='word_1_61' title='bbox 402 1332 552 1410; x_wconf 85' lang='lat' dir='ltr'><strong>Atreum,</strong></span> <span class='ocrx_word' id='word_1_62' title='bbox 562 1329 740 1409; x_wconf 82' lang='lat' dir='ltr'><strong>Thiestem,</strong></span> <span class='ocrx_word' id='word_1_63' title='bbox 754 1329 919 1415; x_wconf 88' lang='lat' dir='ltr'><strong>Pelopem,</strong></span> <span class='ocrx_word' id='word_1_64' title='bbox 935 1337 969 1394; x_wconf 90' lang='lat' dir='ltr'><strong>ct</strong></span> <span class='ocrx_word' id='word_1_65' title='bbox 983 1326 1135 1403; x_wconf 87' lang='lat' dir='ltr'><strong>Licaona,</strong></span> <span class='ocrx_word' id='word_1_66' title='bbox 1153 1327 1337 1412; x_wconf 87' lang='lat' dir='ltr'><strong>multosque</strong></span> <span class='ocrx_word' id='word_1_67' title='bbox 1353 1326 1474 1392; x_wconf 86' lang='lat' dir='ltr'><strong>similes</strong></span> <span class='ocrx_word' id='word_1_68' title='bbox 1489 1347 1604 1392; x_wconf 86' lang='lat' dir='ltr'><strong>eorum</strong></span> 
     </span>
     <span class='ocr_line' id='line_1_9' title="bbox 401 1428 1602 1518; baseline -0.003 -22"><span class='ocrx_word' id='word_1_69' title='bbox 401 1441 600 1518; x_wconf 77' lang='lat' dir='ltr'><strong>proponunt,</strong></span> <span class='ocrx_word' id='word_1_70' title='bbox 613 1443 651 1498; x_wconf 87' lang='lat' dir='ltr'><strong>ut</strong></span> <span class='ocrx_word' id='word_1_71' title='bbox 661 1432 803 1497; x_wconf 82' lang='lat' dir='ltr'><strong>vitemus</strong></span> <span class='ocrx_word' id='word_1_72' title='bbox 815 1453 928 1497; x_wconf 90' lang='lat' dir='ltr'><strong>eorum</strong></span> <span class='ocrx_word' id='word_1_73' title='bbox 943 1430 1061 1508; x_wconf 77' lang='lat' dir='ltr'><strong>exitas,</strong></span> <span class='ocrx_word' id='word_1_74' title='bbox 1076 1437 1110 1494; x_wconf 92' lang='lat' dir='ltr'><strong>et</strong></span> <span class='ocrx_word' id='word_1_75' title='bbox 1121 1438 1199 1494; x_wconf 91' lang='lat' dir='ltr'><strong>sunt</strong></span> <span class='ocrx_word' id='word_1_76' title='bbox 1212 1428 1420 1494; x_wconf 81' lang='lat' dir='ltr'><strong>historiarum</strong></span> <span class='ocrx_word' id='word_1_77' title='bbox 1432 1428 1602 1494; x_wconf 77' lang='lat' dir='ltr'><strong>sententiae</strong></span> 
     </span>
     <span class='ocr_line' id='line_1_10' title="bbox 401 1531 1602 1618; baseline -0.003 -20"><span class='ocrx_word' id='word_1_78' title='bbox 401 1555 470 1599; x_wconf 90' lang='lat' dir='ltr'><strong>non</strong></span> <span class='ocrx_word' id='word_1_79' title='bbox 493 1534 646 1614; x_wconf 83' lang='lat' dir='ltr'><strong>inutiles3</strong></span> <span class='ocrx_word' id='word_1_80' title='bbox 670 1557 757 1599; x_wconf 90' lang='lat' dir='ltr'><strong>unus</strong></span> <span class='ocrx_word' id='word_1_81' title='bbox 777 1534 930 1618; x_wconf 91' lang='lat' dir='ltr'><strong>utrinque</strong></span> <span class='ocrx_word' id='word_1_82' title='bbox 949 1531 1171 1597; x_wconf 78' lang='lat' dir='ltr'><strong>narrationum</strong></span> <span class='ocrx_word' id='word_1_83' title='bbox 1186 1553 1258 1597; x_wconf 90' lang='lat' dir='ltr'><strong>mos</strong></span> <span class='ocrx_word' id='word_1_84' title='bbox 1273 1540 1308 1596; x_wconf 93' lang='lat' dir='ltr'><strong>et</strong></span> <span class='ocrx_word' id='word_1_85' title='bbox 1320 1531 1471 1596; x_wconf 87' lang='lat' dir='ltr'><strong>intentio.</strong></span> <span class='ocrx_word' id='word_1_86' title='bbox 1515 1531 1602 1595; x_wconf 90' lang='lat' dir='ltr'><strong>Nam</strong></span> 
     </span>
     <span class='ocr_line' id='line_1_11' title="bbox 401 1632 1602 1721; baseline -0.004 -19"><span class='ocrx_word' id='word_1_87' title='bbox 401 1635 548 1715; x_wconf 88' lang='lat' dir='ltr'><strong>historia,</strong></span> <span class='ocrx_word' id='word_1_88' title='bbox 559 1659 632 1721; x_wconf 79' lang='lat' dir='ltr'><strong>quae</strong></span> <span class='ocrx_word' id='word_1_89' title='bbox 640 1637 777 1702; x_wconf 84' lang='lat' dir='ltr'><strong>veritate</strong></span> <span class='ocrx_word' id='word_1_90' title='bbox 788 1636 914 1714; x_wconf 90' lang='lat' dir='ltr'><strong>nititur,</strong></span> <span class='ocrx_word' id='word_1_91' title='bbox 933 1643 967 1699; x_wconf 92' lang='lat' dir='ltr'><strong>et</strong></span> <span class='ocrx_word' id='word_1_92' title='bbox 977 1634 1095 1712; x_wconf 86' lang='lat' dir='ltr'><strong>fabula,</strong></span> <span class='ocrx_word' id='word_1_93' title='bbox 1110 1655 1182 1720; x_wconf 80' lang='lat' dir='ltr'><strong>quae</strong></span> <span class='ocrx_word' id='word_1_94' title='bbox 1192 1633 1269 1698; x_wconf 88' lang='lat' dir='ltr'><strong>ficta</strong></span> <span class='ocrx_word' id='word_1_95' title='bbox 1279 1633 1434 1713; x_wconf 82' lang='lat' dir='ltr'><strong>contexit,</strong></span> <span class='ocrx_word' id='word_1_96' title='bbox 1450 1642 1484 1697; x_wconf 91' lang='lat' dir='ltr'><strong>et</strong></span> <span class='ocrx_word' id='word_1_97' title='bbox 1497 1632 1602 1698; x_wconf 90' lang='lat' dir='ltr'><strong>bonos</strong></span> 
     </span>
     <span class='ocr_line' id='line_1_12' title="bbox 402 1735 1602 1822; baseline -0.002 -20"><span class='ocrx_word' id='word_1_98' title='bbox 402 1737 468 1802; x_wconf 88' lang='lat' dir='ltr'><strong>fine</strong></span> <span class='ocrx_word' id='word_1_99' title='bbox 482 1738 611 1803; x_wconf 88' lang='lat' dir='ltr'><strong>florenti</strong></span> <span class='ocrx_word' id='word_1_100' title='bbox 630 1738 717 1817; x_wconf 92' lang='lat' dir='ltr'><strong>beat,</strong></span> <span class='ocrx_word' id='word_1_101' title='bbox 742 1748 780 1802; x_wconf 93' lang='lat' dir='ltr'><strong>ut</strong></span> <span class='ocrx_word' id='word_1_102' title='bbox 794 1747 919 1802; x_wconf 87' lang='lat' dir='ltr'><strong>ametur</strong></span> <span class='ocrx_word' id='word_1_103' title='bbox 933 1736 1128 1822; x_wconf 86' lang='lat' dir='ltr'><strong>benignitas,</strong></span> <span class='ocrx_word' id='word_1_104' title='bbox 1142 1744 1176 1800; x_wconf 89' lang='lat' dir='ltr'><strong>et</strong></span> <span class='ocrx_word' id='word_1_105' title='bbox 1201 1735 1288 1800; x_wconf 86' lang='lat' dir='ltr'><strong>foedo</strong></span> <span class='ocrx_word' id='word_1_106' title='bbox 1310 1735 1414 1800; x_wconf 89' lang='lat' dir='ltr'><strong>malos</strong></span> <span class='ocrx_word' id='word_1_107' title='bbox 1436 1735 1602 1816; x_wconf 74' lang='lat' dir='ltr'><strong>damnant,</strong></span> 
     </span>
     <span class='ocr_line' id='line_1_13' title="bbox 403 1836 1604 1923; baseline -0.005 -16"><span class='ocrx_word' id='word_1_108' title='bbox 403 1843 522 1908; x_wconf 87' lang='lat' dir='ltr'><strong>iterum</strong></span> <span class='ocrx_word' id='word_1_109' title='bbox 535 1839 682 1906; x_wconf 90' lang='lat' dir='ltr'><strong>volentes</strong></span> <span class='ocrx_word' id='word_1_110' title='bbox 697 1840 835 1904; x_wconf 89' lang='lat' dir='ltr'><strong>invisam</strong></span> <span class='ocrx_word' id='word_1_111' title='bbox 850 1840 985 1905; x_wconf 88' lang='lat' dir='ltr'><strong>reddere</strong></span> <span class='ocrx_word' id='word_1_112' title='bbox 1001 1838 1174 1918; x_wconf 81' lang='lat' dir='ltr'><strong>malitism3</strong></span> <span class='ocrx_word' id='word_1_113' title='bbox 1191 1837 1253 1902; x_wconf 92' lang='lat' dir='ltr'><strong>sibi</strong></span> <span class='ocrx_word' id='word_1_114' title='bbox 1268 1836 1344 1923; x_wconf 91' lang='lat' dir='ltr'><strong>quia</strong></span> <span class='ocrx_word' id='word_1_115' title='bbox 1359 1838 1539 1903; x_wconf 87' lang='lat' dir='ltr'><strong>succedunt</strong></span> <span class='ocrx_word' id='word_1_116' title='bbox 1552 1836 1604 1901; x_wconf 92' lang='lat' dir='ltr'><strong>in·</strong></span> 
     </span>
     <span class='ocr_line' id='line_1_14' title="bbox 402 1939 1601 2027; baseline -0.001 -22"><span class='ocrx_word' id='word_1_117' title='bbox 402 1941 507 2006; x_wconf 89' lang='lat' dir='ltr'><strong>vicem</strong></span> <span class='ocrx_word' id='word_1_118' title='bbox 532 1941 567 2005; x_wconf 90' lang='lat' dir='ltr'><strong>iu</strong></span> <span class='ocrx_word' id='word_1_119' title='bbox 593 1941 760 2027; x_wconf 91' lang='lat' dir='ltr'><strong>scripturis</strong></span> <span class='ocrx_word' id='word_1_120' title='bbox 784 1949 855 2006; x_wconf 90' lang='lat' dir='ltr'><strong>tum</strong></span> <span class='ocrx_word' id='word_1_121' title='bbox 880 1940 1057 2006; x_wconf 84' lang='lat' dir='ltr'><strong>adversitas</strong></span> <span class='ocrx_word' id='word_1_122' title='bbox 1080 1939 1298 2027; x_wconf 88' lang='lat' dir='ltr'><strong>prosperitati,</strong></span> <span class='ocrx_word' id='word_1_123' title='bbox 1318 1949 1424 2004; x_wconf 86' lang='lat' dir='ltr'><strong>turne</strong></span> <span class='ocrx_word' id='word_1_124' title='bbox 1445 1961 1601 2006; x_wconf 88' lang='lat' dir='ltr'><strong>converso</strong></span> 
     </span>
     <span class='ocr_line' id='line_1_15' title="bbox 404 2041 1602 2130; baseline 0 -22"><span class='ocrx_word' id='word_1_125' title='bbox 404 2045 584 2109; x_wconf 86' lang='lat' dir='ltr'><strong>mutatione</strong></span> <span class='ocrx_word' id='word_1_126' title='bbox 606 2042 778 2129; x_wconf 88' lang='lat' dir='ltr'><strong>frequenti,</strong></span> <span class='ocrx_word' id='word_1_127' title='bbox 805 2044 957 2129; x_wconf 90' lang='lat' dir='ltr'><strong>quatinus</strong></span> <span class='ocrx_word' id='word_1_128' title='bbox 981 2052 1117 2130; x_wconf 86' lang='lat' dir='ltr'><strong>utraque</strong></span> <span class='ocrx_word' id='word_1_129' title='bbox 1143 2064 1271 2128; x_wconf 89' lang='lat' dir='ltr'><strong>semper</strong></span> <span class='ocrx_word' id='word_1_130' title='bbox 1295 2041 1405 2107; x_wconf 87' lang='lat' dir='ltr'><strong>habita</strong></span> <span class='ocrx_word' id='word_1_131' title='bbox 1419 2064 1486 2129; x_wconf 83' lang='lat' dir='ltr'><strong>prae</strong></span> <span class='ocrx_word' id='word_1_132' title='bbox 1501 2043 1602 2108; x_wconf 90' lang='lat' dir='ltr'><strong>oculis</strong></span> 
     </span>
     <span class='ocr_line' id='line_1_16' title="bbox 403 2144 1602 2232; baseline 0 -22"><span class='ocrx_word' id='word_1_133' title='bbox 403 2147 512 2210; x_wconf 91' lang='lat' dir='ltr'><strong>neutri</strong></span> <span class='ocrx_word' id='word_1_134' title='bbox 536 2145 594 2210; x_wconf 89' lang='lat' dir='ltr'><strong>fiat</strong></span> <span class='ocrx_word' id='word_1_135' title='bbox 619 2156 753 2232; x_wconf 88' lang='lat' dir='ltr'><strong>propter</strong></span> <span class='ocrx_word' id='word_1_136' title='bbox 778 2146 912 2212; x_wconf 86' lang='lat' dir='ltr'><strong>alteram</strong></span> <span class='ocrx_word' id='word_1_137' title='bbox 932 2144 1064 2224; x_wconf 91' lang='lat' dir='ltr'><strong>oblivio,</strong></span> <span class='ocrx_word' id='word_1_138' title='bbox 1080 2145 1139 2209; x_wconf 93' lang='lat' dir='ltr'><strong>sed</strong></span> <span class='ocrx_word' id='word_1_139' title='bbox 1153 2167 1189 2210; x_wconf 92' lang='lat' dir='ltr'><strong>se</strong></span> <span class='ocrx_word' id='word_1_140' title='bbox 1203 2145 1330 2210; x_wconf 90' lang='lat' dir='ltr'><strong>medico</strong></span> <span class='ocrx_word' id='word_1_141' title='bbox 1345 2154 1602 2231; x_wconf 88' lang='lat' dir='ltr'><strong>temperamento</strong></span> 
     </span>
     <span class='ocr_line' id='line_1_17' title="bbox 403 2246 1603 2332; baseline 0 -20"><span class='ocrx_word' id='word_1_142' title='bbox 403 2249 669 2328; x_wconf 81' lang='lat' dir='ltr'><strong>moderentur,ne</strong></span> <span class='ocrx_word' id='word_1_143' title='bbox 681 2268 824 2332; x_wconf 87' lang='lat' dir='ltr'><strong>unquam</strong></span> <span class='ocrx_word' id='word_1_144' title='bbox 831 2246 1248 2332; x_wconf 87' lang='lat' dir='ltr'><strong>modumsuperetelevatio</strong></span> <span class='ocrx_word' id='word_1_145' title='bbox 1258 2247 1310 2312; x_wconf 87' lang='lat' dir='ltr'><strong>vel</strong></span> <span class='ocrx_word' id='word_1_146' title='bbox 1322 2247 1603 2326; x_wconf 84' lang='lat' dir='ltr'><strong>fractura,scilicet</strong></span> 
     </span>
     <span class='ocr_line' id='line_1_18' title="bbox 403 2349 1603 2437; baseline 0 -23"><span class='ocrx_word' id='word_1_147' title='bbox 403 2361 441 2416; x_wconf 91' lang='lat' dir='ltr'><strong>ut</strong></span> <span class='ocrx_word' id='word_1_148' title='bbox 455 2350 730 2437; x_wconf 82' lang='lat' dir='ltr'><strong>contemplatione</strong></span> <span class='ocrx_word' id='word_1_149' title='bbox 745 2351 928 2415; x_wconf 85' lang='lat' dir='ltr'><strong>iuturomm</strong></span> <span class='ocrx_word' id='word_1_150' title='bbox 954 2369 1014 2414; x_wconf 90' lang='lat' dir='ltr'><strong>nec</strong></span> <span class='ocrx_word' id='word_1_151' title='bbox 1030 2349 1074 2413; x_wconf 91' lang='lat' dir='ltr'><strong>sit</strong></span> <span class='ocrx_word' id='word_1_152' title='bbox 1087 2371 1107 2414; x_wconf 98' lang='lat' dir='ltr'><strong>a</strong></span> <span class='ocrx_word' id='word_1_153' title='bbox 1121 2371 1180 2434; x_wconf 91' lang='lat' dir='ltr'><strong>spe</strong></span> <span class='ocrx_word' id='word_1_154' title='bbox 1194 2371 1296 2415; x_wconf 90' lang='lat' dir='ltr'><strong>vacua</strong></span> <span class='ocrx_word' id='word_1_155' title='bbox 1310 2349 1490 2431; x_wconf 89' lang='lat' dir='ltr'><strong>meditatio,</strong></span> <span class='ocrx_word' id='word_1_156' title='bbox 1509 2371 1570 2414; x_wconf 92' lang='lat' dir='ltr'><strong>nec</strong></span> <span class='ocrx_word' id='word_1_157' title='bbox 1584 2373 1603 2414; x_wconf 90' lang='lat' dir='ltr'><strong>a</strong></span> 
     </span>
     <span class='ocr_line' id='line_1_19' title="bbox 403 2451 1602 2540; baseline -0.002 -22"><span class='ocrx_word' id='word_1_158' title='bbox 403 2463 494 2518; x_wconf 90' lang='lat' dir='ltr'><strong>metu</strong></span> <span class='ocrx_word' id='word_1_159' title='bbox 508 2453 619 2533; x_wconf 89' lang='lat' dir='ltr'><strong>libera,</strong></span> <span class='ocrx_word' id='word_1_160' title='bbox 635 2454 818 2518; x_wconf 85' lang='lat' dir='ltr'><strong>futurorum</strong></span> <span class='ocrx_word' id='word_1_161' title='bbox 834 2452 907 2518; x_wconf 91' lang='lat' dir='ltr'><strong>dico</strong></span> <span class='ocrx_word' id='word_1_162' title='bbox 922 2451 1214 2537; x_wconf 87' lang='lat' dir='ltr'><strong>temporaliumque</strong></span> <span class='ocrx_word' id='word_1_163' title='bbox 1229 2451 1345 2516; x_wconf 86' lang='lat' dir='ltr'><strong>caritas</strong></span> <span class='ocrx_word' id='word_1_164' title='bbox 1359 2453 1503 2540; x_wconf 83' lang='lat' dir='ltr'><strong>perfecta</strong></span> <span class='ocrx_word' id='word_1_165' title='bbox 1516 2453 1602 2517; x_wconf 81' lang='lat' dir='ltr'><strong>foras</strong></span> 
     </span>
     <span class='ocr_line' id='line_1_20' title="bbox 403 2555 1005 2641; baseline -0.002 -21"><span class='ocrx_word' id='word_1_166' title='bbox 403 2556 505 2621; x_wconf 92' lang='lat' dir='ltr'><strong>mittit</strong></span> <span class='ocrx_word' id='word_1_167' title='bbox 519 2555 681 2637; x_wconf 90' lang='lat' dir='ltr'><strong>timorem,</strong></span> <span class='ocrx_word' id='word_1_168' title='bbox 700 2578 774 2641; x_wconf 75' lang='lat' dir='ltr'><strong>qum</strong></span> <span class='ocrx_word' id='word_1_169' title='bbox 788 2555 928 2622; x_wconf 88' lang='lat' dir='ltr'><strong>coelestis</strong></span> <span class='ocrx_word' id='word_1_170' title='bbox 943 2563 1005 2620; x_wconf 91' lang='lat' dir='ltr'><strong>est.</strong></span> 
     </span>
    </p>
   </div>
   <div class='ocr_carea' id='block_1_3' title="bbox 548 2725 1460 2808">
    <p class='ocr_par' dir='ltr' id='par_1_3' title="bbox 548 2725 1460 2808">
     <span class='ocr_line' id='line_1_21' title="bbox 548 2725 1460 2808; baseline 0.001 -17"><span class='ocrx_word' id='word_1_171' title='bbox 548 2725 603 2791; x_wconf 87' lang='lat' dir='ltr'><strong>De</strong></span> <span class='ocrx_word' id='word_1_172' title='bbox 617 2727 718 2791; x_wconf 80' lang='lat' dir='ltr'><strong>tribus</strong></span> <span class='ocrx_word' id='word_1_173' title='bbox 732 2728 868 2792; x_wconf 74' lang='lat' dir='ltr'><strong>cremiis</strong></span> <span class='ocrx_word' id='word_1_174' title='bbox 882 2727 1071 2792; x_wconf 79' lang='lat' dir='ltr'><strong>mirabiliter</strong></span> <span class='ocrx_word' id='word_1_175' title='bbox 1079 2727 1316 2808; x_wconf 75' lang='lat' dir='ltr'><strong>penitentibus.</strong></span> <span class='ocrx_word' id='word_1_176' title='bbox 1359 2725 1460 2792; x_wconf 82' lang='lat' dir='ltr'><strong>xxxii.</strong></span> 
     </span>
    </p>
   </div>
   <div class='ocr_carea' id='block_1_4' title="bbox 404 2883 1611 4202">
    <p class='ocr_par' dir='ltr' id='par_1_4' title="bbox 404 2883 1611 4202">
     <span class='ocr_line' id='line_1_22' title="bbox 449 2883 1603 2974; baseline 0.002 -23"><span class='ocrx_word' id='word_1_177' title='bbox 449 2886 619 2972; x_wconf 91' lang='lat' dir='ltr'><strong>Philippus</strong></span> <span class='ocrx_word' id='word_1_178' title='bbox 634 2885 882 2971; x_wconf 88' lang='lat' dir='ltr'><strong>Neapolitanus,</strong></span> <span class='ocrx_word' id='word_1_179' title='bbox 907 2883 958 2950; x_wconf 90' lang='lat' dir='ltr'><strong>vir</strong></span> <span class='ocrx_word' id='word_1_180' title='bbox 981 2885 1126 2967; x_wconf 86' lang='lat' dir='ltr'><strong>illustris,</strong></span> <span class='ocrx_word' id='word_1_181' title='bbox 1151 2887 1248 2953; x_wconf 89' lang='lat' dir='ltr'><strong>nohis</strong></span> <span class='ocrx_word' id='word_1_182' title='bbox 1270 2887 1391 2968; x_wconf 86' lang='lat' dir='ltr'><strong>retulit,</strong></span> <span class='ocrx_word' id='word_1_183' title='bbox 1414 2888 1503 2974; x_wconf 89' lang='lat' dir='ltr'><strong>quod</strong></span> <span class='ocrx_word' id='word_1_184' title='bbox 1528 2909 1603 2953; x_wconf 88' lang='lat' dir='ltr'><strong>cum</strong></span> 
     </span>
     <span class='ocr_line' id='line_1_23' title="bbox 404 2987 1604 3078; baseline 0.003 -25"><span class='ocrx_word' id='word_1_185' title='bbox 404 2989 439 3053; x_wconf 91' lang='lat' dir='ltr'><strong>in</strong></span> <span class='ocrx_word' id='word_1_186' title='bbox 462 2987 564 3074; x_wconf 82' lang='lat' dir='ltr'><strong>Nigra</strong></span> <span class='ocrx_word' id='word_1_187' title='bbox 578 2988 739 3053; x_wconf 88' lang='lat' dir='ltr'><strong>Montana</strong></span> <span class='ocrx_word' id='word_1_188' title='bbox 752 2998 874 3054; x_wconf 87' lang='lat' dir='ltr'><strong>venatu</strong></span> <span class='ocrx_word' id='word_1_189' title='bbox 887 2988 1042 3068; x_wconf 88' lang='lat' dir='ltr'><strong>venisset,</strong></span> <span class='ocrx_word' id='word_1_190' title='bbox 1056 2999 1240 3056; x_wconf 89' lang='lat' dir='ltr'><strong>monstrum</strong></span> <span class='ocrx_word' id='word_1_191' title='bbox 1258 2990 1440 3056; x_wconf 85' lang='lat' dir='ltr'><strong>silvestrem</strong></span> <span class='ocrx_word' id='word_1_192' title='bbox 1463 2990 1604 3078; x_wconf 91' lang='lat' dir='ltr'><strong>pilosum</strong></span> 
     </span>
     <span class='ocr_line' id='line_1_24' title="bbox 405 3089 1605 3180; baseline 0.003 -25"><span class='ocrx_word' id='word_1_193' title='bbox 405 3100 440 3155; x_wconf 93' lang='lat' dir='ltr'><strong>et</strong></span> <span class='ocrx_word' id='word_1_194' title='bbox 460 3091 638 3156; x_wconf 83' lang='lat' dir='ltr'><strong>deformem</strong></span> <span class='ocrx_word' id='word_1_195' title='bbox 660 3089 745 3155; x_wconf 84' lang='lat' dir='ltr'><strong>lonti</strong></span> <span class='ocrx_word' id='word_1_196' title='bbox 763 3089 972 3156; x_wconf 86' lang='lat' dir='ltr'><strong>recubantem</strong></span> <span class='ocrx_word' id='word_1_197' title='bbox 994 3100 1032 3155; x_wconf 91' lang='lat' dir='ltr'><strong>ut</strong></span> <span class='ocrx_word' id='word_1_198' title='bbox 1046 3089 1172 3156; x_wconf 87' lang='lat' dir='ltr'><strong>biberet</strong></span> <span class='ocrx_word' id='word_1_199' title='bbox 1186 3103 1319 3178; x_wconf 86' lang='lat' dir='ltr'><strong>repente</strong></span> <span class='ocrx_word' id='word_1_200' title='bbox 1334 3095 1488 3180; x_wconf 88' lang='lat' dir='ltr'><strong>perpilos</strong></span> <span class='ocrx_word' id='word_1_201' title='bbox 1504 3093 1605 3159; x_wconf 89' lang='lat' dir='ltr'><strong>subli-</strong></span> 
     </span>
     <span class='ocr_line' id='line_1_25' title="bbox 406 3192 1604 3279; baseline 0.003 -22"><span class='ocrx_word' id='word_1_202' title='bbox 406 3215 494 3258; x_wconf 90' lang='lat' dir='ltr'><strong>mem</strong></span> <span class='ocrx_word' id='word_1_203' title='bbox 503 3193 621 3278; x_wconf 75' lang='lat' dir='ltr'><strong>raparit,</strong></span> <span class='ocrx_word' id='word_1_204' title='bbox 633 3213 781 3278; x_wconf 76' lang='lat' dir='ltr'><strong>quaerens</strong></span> <span class='ocrx_word' id='word_1_205' title='bbox 792 3193 864 3278; x_wconf 89' lang='lat' dir='ltr'><strong>quis</strong></span> <span class='ocrx_word' id='word_1_206' title='bbox 875 3201 973 3272; x_wconf 89' lang='lat' dir='ltr'><strong>esset,</strong></span> <span class='ocrx_word' id='word_1_207' title='bbox 984 3192 1063 3279; x_wconf 92' lang='lat' dir='ltr'><strong>quid</strong></span> <span class='ocrx_word' id='word_1_208' title='bbox 1074 3192 1142 3258; x_wconf 89' lang='lat' dir='ltr'><strong>ibi?</strong></span> <span class='ocrx_word' id='word_1_209' title='bbox 1167 3194 1345 3260; x_wconf 85' lang='lat' dir='ltr'><strong>llleautem</strong></span> <span class='ocrx_word' id='word_1_210' title='bbox 1354 3195 1604 3261; x_wconf 86' lang='lat' dir='ltr'><strong>mansuetudine</strong></span> 
     </span>
     <span class='ocr_line' id='line_1_26' title="bbox 406 3295 1605 3379; baseline 0.002 -18"><span class='ocrx_word' id='word_1_211' title='bbox 406 3318 466 3361; x_wconf 91' lang='lat' dir='ltr'><strong>sua</strong></span> <span class='ocrx_word' id='word_1_212' title='bbox 476 3295 604 3361; x_wconf 86' lang='lat' dir='ltr'><strong>demitti</strong></span> <span class='ocrx_word' id='word_1_213' title='bbox 618 3295 748 3376; x_wconf 90' lang='lat' dir='ltr'><strong>meruit,</strong></span> <span class='ocrx_word' id='word_1_214' title='bbox 768 3305 802 3360; x_wconf 93' lang='lat' dir='ltr'><strong>et</strong></span> <span class='ocrx_word' id='word_1_215' title='bbox 821 3296 877 3375; x_wconf 88' lang='lat' dir='ltr'><strong>ait,</strong></span> <span class='ocrx_word' id='word_1_216' title='bbox 891 3295 1081 3361; x_wconf 89' lang='lat' dir='ltr'><strong>“Venimus</strong></span> <span class='ocrx_word' id='word_1_217' title='bbox 1096 3296 1138 3360; x_wconf 93' lang='lat' dir='ltr'><strong>ad</strong></span> <span class='ocrx_word' id='word_1_218' title='bbox 1151 3296 1236 3363; x_wconf 90' lang='lat' dir='ltr'><strong>hano</strong></span> <span class='ocrx_word' id='word_1_219' title='bbox 1251 3297 1459 3362; x_wconf 85' lang='lat' dir='ltr'><strong>solitudinem</strong></span> <span class='ocrx_word' id='word_1_220' title='bbox 1474 3308 1552 3379; x_wconf 91' lang='lat' dir='ltr'><strong>tres,</strong></span> <span class='ocrx_word' id='word_1_221' title='bbox 1565 3307 1605 3363; x_wconf 93' lang='lat' dir='ltr'><strong>ut</strong></span> 
     </span>
     <span class='ocr_line' id='line_1_27' title="bbox 405 3397 1605 3486; baseline 0.001 -23"><span class='ocrx_word' id='word_1_222' title='bbox 405 3398 459 3464; x_wconf 92' lang='lat' dir='ltr'><strong>hic</strong></span> <span class='ocrx_word' id='word_1_223' title='bbox 483 3397 679 3483; x_wconf 83' lang='lat' dir='ltr'><strong>poenitentes</strong></span> <span class='ocrx_word' id='word_1_224' title='bbox 702 3398 911 3483; x_wconf 86' lang='lat' dir='ltr'><strong>antiquorum</strong></span> <span class='ocrx_word' id='word_1_225' title='bbox 931 3397 1083 3463; x_wconf 89' lang='lat' dir='ltr'><strong>fieremus</strong></span> <span class='ocrx_word' id='word_1_226' title='bbox 1108 3397 1288 3465; x_wconf 88' lang='lat' dir='ltr'><strong>imitatores</strong></span> <span class='ocrx_word' id='word_1_227' title='bbox 1307 3409 1456 3486; x_wconf 83' lang='lat' dir='ltr'><strong>patrum3</strong></span> <span class='ocrx_word' id='word_1_228' title='bbox 1479 3401 1605 3486; x_wconf 88' lang='lat' dir='ltr'><strong>primus</strong></span> 
     </span>
     <span class='ocr_line' id='line_1_28' title="bbox 405 3500 1611 3587; baseline 0.003 -23"><span class='ocrx_word' id='word_1_229' title='bbox 405 3511 556 3566; x_wconf 90' lang='lat' dir='ltr'><strong>nostrum</strong></span> <span class='ocrx_word' id='word_1_230' title='bbox 585 3510 620 3565; x_wconf 88' lang='lat' dir='ltr'><strong>et</strong></span> <span class='ocrx_word' id='word_1_231' title='bbox 641 3501 784 3586; x_wconf 88' lang='lat' dir='ltr'><strong>optimus</strong></span> <span class='ocrx_word' id='word_1_232' title='bbox 807 3501 962 3580; x_wconf 85' lang='lat' dir='ltr'><strong>Francus,</strong></span> <span class='ocrx_word' id='word_1_233' title='bbox 986 3500 1148 3566; x_wconf 85' lang='lat' dir='ltr'><strong>secundus</strong></span> <span class='ocrx_word' id='word_1_234' title='bbox 1173 3511 1208 3567; x_wconf 90' lang='lat' dir='ltr'><strong>et</strong></span> <span class='ocrx_word' id='word_1_235' title='bbox 1232 3523 1285 3566; x_wconf 91' lang='lat' dir='ltr'><strong>me</strong></span> <span class='ocrx_word' id='word_1_236' title='bbox 1313 3502 1409 3587; x_wconf 88' lang='lat' dir='ltr'><strong>longe</strong></span> <span class='ocrx_word' id='word_1_237' title='bbox 1432 3503 1548 3568; x_wconf 78' lang='lat' dir='ltr'><strong>fortior</strong></span> <span class='ocrx_word' id='word_1_238' title='bbox 1572 3511 1611 3568; x_wconf 89' lang='lat' dir='ltr'><strong>et</strong></span> 
     </span>
     <span class='ocr_line' id='line_1_29' title="bbox 405 3603 1605 3691; baseline 0.002 -23"><span class='ocrx_word' id='word_1_239' title='bbox 405 3603 622 3691; x_wconf 84' lang='lat' dir='ltr'><strong>longanimior</strong></span> <span class='ocrx_word' id='word_1_240' title='bbox 642 3603 812 3688; x_wconf 88' lang='lat' dir='ltr'><strong>Anglicus,</strong></span> <span class='ocrx_word' id='word_1_241' title='bbox 841 3625 901 3688; x_wconf 83' lang='lat' dir='ltr'><strong>ego</strong></span> <span class='ocrx_word' id='word_1_242' title='bbox 928 3604 1057 3668; x_wconf 84' lang='lat' dir='ltr'><strong>Scotus.</strong></span> <span class='ocrx_word' id='word_1_243' title='bbox 1102 3603 1247 3670; x_wconf 78' lang='lat' dir='ltr'><strong>Francm</strong></span> <span class='ocrx_word' id='word_1_244' title='bbox 1271 3614 1372 3669; x_wconf 77' lang='lat' dir='ltr'><strong>tantae</strong></span> <span class='ocrx_word' id='word_1_245' title='bbox 1397 3603 1605 3690; x_wconf 86' lang='lat' dir='ltr'><strong>perfectionis</strong></span> 
     </span>
     <span class='ocr_line' id='line_1_30' title="bbox 407 3706 1606 3793; baseline 0.001 -22"><span class='ocrx_word' id='word_1_246' title='bbox 407 3716 469 3787; x_wconf 88' lang='lat' dir='ltr'><strong>est,</strong></span> <span class='ocrx_word' id='word_1_247' title='bbox 494 3707 583 3793; x_wconf 90' lang='lat' dir='ltr'><strong>quod</strong></span> <span class='ocrx_word' id='word_1_248' title='bbox 607 3707 649 3772; x_wconf 90' lang='lat' dir='ltr'><strong>de</strong></span> <span class='ocrx_word' id='word_1_249' title='bbox 672 3707 742 3772; x_wconf 88' lang='lat' dir='ltr'><strong>vita</strong></span> <span class='ocrx_word' id='word_1_250' title='bbox 763 3706 870 3792; x_wconf 91' lang='lat' dir='ltr'><strong>ipsius</strong></span> <span class='ocrx_word' id='word_1_251' title='bbox 893 3706 983 3791; x_wconf 89' lang='lat' dir='ltr'><strong>loqui</strong></span> <span class='ocrx_word' id='word_1_252' title='bbox 1005 3706 1210 3792; x_wconf 88' lang='lat' dir='ltr'><strong>pertimesco,</strong></span> <span class='ocrx_word' id='word_1_253' title='bbox 1232 3707 1360 3772; x_wconf 84' lang='lat' dir='ltr'><strong>excedit</strong></span> <span class='ocrx_word' id='word_1_254' title='bbox 1382 3707 1470 3772; x_wconf 90' lang='lat' dir='ltr'><strong>enim</strong></span> <span class='ocrx_word' id='word_1_255' title='bbox 1495 3707 1606 3773; x_wconf 83' lang='lat' dir='ltr'><strong>fidem.</strong></span> 
     </span>
     <span class='ocr_line' id='line_1_31' title="bbox 408 3808 1606 3896; baseline 0 -22"><span class='ocrx_word' id='word_1_256' title='bbox 408 3810 577 3894; x_wconf 85' lang='lat' dir='ltr'><strong>Anglieus,</strong></span> <span class='ocrx_word' id='word_1_257' title='bbox 597 3810 655 3874; x_wconf 89' lang='lat' dir='ltr'><strong>sed</strong></span> <span class='ocrx_word' id='word_1_258' title='bbox 669 3809 843 3894; x_wconf 87' lang='lat' dir='ltr'><strong>angelicus,</strong></span> <span class='ocrx_word' id='word_1_259' title='bbox 866 3818 981 3874; x_wconf 85' lang='lat' dir='ltr'><strong>catena</strong></span> <span class='ocrx_word' id='word_1_260' title='bbox 1007 3808 1175 3893; x_wconf 86' lang='lat' dir='ltr'><strong>stringitur</strong></span> <span class='ocrx_word' id='word_1_261' title='bbox 1200 3810 1313 3890; x_wconf 79' lang='lat' dir='ltr'><strong>ferrea,</strong></span> <span class='ocrx_word' id='word_1_262' title='bbox 1343 3819 1411 3874; x_wconf 89' lang='lat' dir='ltr'><strong>tam</strong></span> <span class='ocrx_word' id='word_1_263' title='bbox 1437 3810 1534 3896; x_wconf 86' lang='lat' dir='ltr'><strong>longa</strong></span> <span class='ocrx_word' id='word_1_264' title='bbox 1567 3819 1606 3874; x_wconf 89' lang='lat' dir='ltr'><strong>ut</strong></span> 
     </span>
     <span class='ocr_line' id='line_1_32' title="bbox 407 3910 1606 3997; baseline 0.001 -24"><span class='ocrx_word' id='word_1_265' title='bbox 407 3910 559 3994; x_wconf 91' lang='lat' dir='ltr'><strong>protendi</strong></span> <span class='ocrx_word' id='word_1_266' title='bbox 567 3911 721 3996; x_wconf 89' lang='lat' dir='ltr'><strong>possitad</strong></span> <span class='ocrx_word' id='word_1_267' title='bbox 733 3911 851 3997; x_wconf 88' lang='lat' dir='ltr'><strong>pedem</strong></span> <span class='ocrx_word' id='word_1_268' title='bbox 860 3911 1048 3997; x_wconf 85' lang='lat' dir='ltr'><strong>septimum,</strong></span> <span class='ocrx_word' id='word_1_269' title='bbox 1059 3910 1213 3976; x_wconf 88' lang='lat' dir='ltr'><strong>malleum</strong></span> <span class='ocrx_word' id='word_1_270' title='bbox 1224 3919 1333 3976; x_wconf 91' lang='lat' dir='ltr'><strong>autem</strong></span> <span class='ocrx_word' id='word_1_271' title='bbox 1345 3931 1457 3974; x_wconf 88' lang='lat' dir='ltr'><strong>secum</strong></span> <span class='ocrx_word' id='word_1_272' title='bbox 1465 3911 1606 3975; x_wconf 80' lang='lat' dir='ltr'><strong>ferreum</strong></span> 
     </span>
     <span class='ocr_line' id='line_1_33' title="bbox 409 4011 1608 4099; baseline 0.002 -23"><span class='ocrx_word' id='word_1_273' title='bbox 409 4021 443 4076; x_wconf 89' lang='lat' dir='ltr'><strong>et</strong></span> <span class='ocrx_word' id='word_1_274' title='bbox 457 4011 618 4095; x_wconf 84' lang='lat' dir='ltr'><strong>paxillum</strong></span> <span class='ocrx_word' id='word_1_275' title='bbox 641 4034 772 4098; x_wconf 88' lang='lat' dir='ltr'><strong>semper</strong></span> <span class='ocrx_word' id='word_1_276' title='bbox 786 4023 903 4099; x_wconf 86' lang='lat' dir='ltr'><strong>gestat,</strong></span> <span class='ocrx_word' id='word_1_277' title='bbox 918 4013 1037 4098; x_wconf 91' lang='lat' dir='ltr'><strong>quibus</strong></span> <span class='ocrx_word' id='word_1_278' title='bbox 1061 4013 1200 4078; x_wconf 87' lang='lat' dir='ltr'><strong>affirmat</strong></span> <span class='ocrx_word' id='word_1_279' title='bbox 1221 4023 1315 4078; x_wconf 77' lang='lat' dir='ltr'><strong>terrae</strong></span> <span class='ocrx_word' id='word_1_280' title='bbox 1340 4021 1488 4078; x_wconf 87' lang='lat' dir='ltr'><strong>catenam</strong></span> <span class='ocrx_word' id='word_1_281' title='bbox 1515 4035 1608 4078; x_wconf 79' lang='lat' dir='ltr'><strong>msam</strong></span> 
     </span>
     <span class='ocr_line' id='line_1_34' title="bbox 408 4111 1608 4202; baseline 0.004 -25"><span class='ocrx_word' id='word_1_282' title='bbox 408 4113 443 4178; x_wconf 91' lang='lat' dir='ltr'><strong>in</strong></span> <span class='ocrx_word' id='word_1_283' title='bbox 459 4111 607 4195; x_wconf 85' lang='lat' dir='ltr'><strong>sabbato,</strong></span> <span class='ocrx_word' id='word_1_284' title='bbox 631 4123 666 4180; x_wconf 92' lang='lat' dir='ltr'><strong>et</strong></span> <span class='ocrx_word' id='word_1_285' title='bbox 679 4113 765 4180; x_wconf 87' lang='lat' dir='ltr'><strong>intra</strong></span> <span class='ocrx_word' id='word_1_286' title='bbox 784 4114 930 4182; x_wconf 90' lang='lat' dir='ltr'><strong>modicos</strong></span> <span class='ocrx_word' id='word_1_287' title='bbox 944 4117 1018 4182; x_wconf 91' lang='lat' dir='ltr'><strong>illos</strong></span> <span class='ocrx_word' id='word_1_288' title='bbox 1032 4116 1114 4184; x_wconf 89' lang='lat' dir='ltr'><strong>fines</strong></span> <span class='ocrx_word' id='word_1_289' title='bbox 1129 4137 1188 4202; x_wconf 89' lang='lat' dir='ltr'><strong>per</strong></span> <span class='ocrx_word' id='word_1_290' title='bbox 1202 4114 1417 4182; x_wconf 87' lang='lat' dir='ltr'><strong>ebdomadam</strong></span> <span class='ocrx_word' id='word_1_291' title='bbox 1432 4123 1504 4181; x_wconf 87' lang='lat' dir='ltr'><strong>orat</strong></span> <span class='ocrx_word' id='word_1_292' title='bbox 1516 4125 1608 4182; x_wconf 86' lang='lat' dir='ltr'><strong>totus</strong></span> 
     </span>
    </p>
   </div>
   <div class='ocr_carea' id='block_1_5' title="bbox 0 0 1837 4852">
    <p class='ocr_par' dir='ltr' id='par_1_5' title="bbox 0 0 1837 4852">
     <span class='ocr_line' id='line_1_35' title="bbox 0 0 1837 4852; baseline 0 0"><span class='ocrx_word' id='word_1_293' title='bbox 0 0 1837 4852; x_wconf 95' lang='lat' dir='ltr'><strong> </strong></span> 
     </span>
    </p>
   </div>
  </div>
 </body>
</html>
