3608 4862
235 537 355 602 capu]
603 534 650 579 nn
676 533 785 579 uunrs
810 533 1035 580 cunranrun.
1168 503 1174 510 ’

218 705 319 768 risum
334 713 386 767 est
400 723 586 788 possumus,
601 701 682 765 nihil
697 701 785 786 quod
799 701 841 765 ad
855 702 1047 788 lachrymas.
1074 702 1127 766 Ex
1141 700 1204 766 illis
1214 701 1301 765 enim
1316 701 1420 766 exuli·

218 809 280 873 bus
306 806 378 872 omli
393 828 478 884 sum,
493 805 549 890 qui
576 804 645 868 sine
671 803 872 889 coadjutorio
893 805 947 869 vel
961 827 1122 870 consensu
1148 805 1252 889 culpae
1278 803 1419 869 Luciferi

219 911 291 995 vagi
305 919 382 995 post
397 910 540 973 fautores
561 907 718 972 scelerum
732 908 818 973 fatue
834 908 1048 973 ferebamur-a
1093 909 1186 976 Quos
1203 909 1230 972 si
1245 907 1356 993 dejicit
1370 908 1420 971 in-

221 1015 337 1100 dignos
353 1014 434 1078 coelo
450 1011 615 1077 Dominus
630 1011 813 1097 indignans,
826 1013 1074 1078 misericorditer
1089 1023 1197 1078 tamen
1213 1022 1283 1076 tum
1299 1013 1333 1075 in
1349 1034 1420 1075 vas-

221 1118 314 1180 titate
337 1113 523 1180 solitudinis
548 1123 620 1177 tum
645 1114 680 1177 in
704 1114 785 1179 locis
809 1114 1018 1179 habitationis
1044 1123 1105 1199 pro
1131 1114 1284 1199 qualitate
1310 1113 1421 1178 delicti

221 1219 329 1304 punin'
354 1216 523 1303 permittit.
568 1216 640 1281 Nos
663 1217 842 1302 antiquitus
857 1218 971 1302 populi
994 1217 1120 1302 decepti
1136 1217 1244 1282 dixere
1261 1217 1421 1281 semideos

222 1329 279 1384 aut
294 1319 465 1398 semideae,
481 1339 541 1402 pro
555 1318 660 1382 forma
676 1318 819 1403 corporis
833 1318 992 1402 assumpti
1004 1319 1056 1383 vel
1065 1318 1275 1403 apparitionis
1288 1319 1423 1383 nomina

222 1431 381 1507 ponentes
396 1419 568 1486 discretiva
583 1441 691 1486 sexus.
736 1421 789 1484 Ex
803 1420 882 1486 locis
897 1433 1007 1486 antem
1021 1421 1182 1485 incolatus
1192 1420 1241 1485 vel
1254 1421 1421 1506 permissis

224 1526 336 1592 officiis
351 1524 537 1589 distinctius
553 1523 754 1609 appellamur
777 1524 978 1604 Monticolae,
995 1525 1128 1604 Silvani,
1144 1525 1303 1611 Dryades,
1320 1525 1422 1590 Orea-

223 1632 293 1708 des,
308 1629 424 1708 Fauni,
439 1629 558 1713 Satyri,
581 1628 733 1706 Naiades,
756 1627 874 1713 quibus
901 1651 941 1694 ex
968 1651 1080 1695 eorum
1106 1630 1315 1714 impositione
1341 1651 1423 1714 prae-

227 1744 305 1798 sunt
321 1733 432 1811 Ceres,
442 1732 602 1810 Bacchus,
616 1732 694 1810 Pan,
707 1731 854 1817 Priapus,
865 1741 899 1796 et
915 1733 1019 1798 Pales.
1041 1732 1275 1798 Verumtamen
1291 1754 1362 1817 quae
1374 1733 1421 1796 vi-

224 1835 331 1900 dimus
352 1834 393 1899 ab
417 1833 511 1898 initio
532 1833 728 1898 notavimus.
774 1833 860 1899 Quia
884 1856 1037 1899 concessa
1059 1834 1154 1898 nobis
1178 1857 1197 1898 a
1219 1836 1292 1899 Deo
1315 1856 1422 1899 rerum

225 1939 425 2024 cognitarum
441 1936 650 2022 experientia,
665 1936 820 2000 docemur
841 1937 1004 2016 astutiam,
1020 1945 1111 2001 etex
1126 1937 1295 2021 praeteritis
1311 1939 1420 2001 futura

226 2043 397 2127 conjicere,
418 2039 592 2126 prasentia
621 2061 760 2124 quoque,
783 2041 868 2103 sicut
893 2039 1026 2124 spiritus
1050 2038 1234 2125 ubicunque
1260 2062 1424 2105 moramur

225 2156 282 2211 eut
310 2165 505 2230 quocunque
528 2152 685 2209 terrarum
711 2142 934 2206 transferimur
956 2142 1063 2206 metiri
1088 2143 1266 2207 certissime
1290 2145 1424 2222 scimus,

225 2247 408 2332 nostrisque
424 2244 541 2312 deditis
566 2253 600 2309 et
625 2245 785 2329 susceptis
811 2243 919 2328 palam
941 2244 1044 2310 iacere
1059 2266 1219 2323 curamus,
1235 2255 1273 2308 ut
1287 2244 1424 2330 proinde

226 2360 330 2415 status
354 2349 500 2414 omnium
515 2348 685 2414 hominum
702 2347 892 2411 manifestos
906 2346 1058 2425 habeant,
1074 2347 1264 2432 possintque
1280 2347 1308 2410 si
1322 2348 1424 2412 velint

225 2453 260 2517 in
274 2453 422 2517 incautos
437 2453 615 2536 irrumpere
631 2449 741 2529 subiti,
756 2449 930 2534 paucisque
946 2449 1104 2533 surripere
1123 2449 1376 2528 multitudinem,
1393 2460 1427 2515 et

227 2565 312 2621 totas
327 2565 463 2620 tractare
485 2575 545 2639 pro
561 2562 638 2618 voto
657 2551 850 2637 provincias,
865 2571 924 2615 nec
939 2550 1034 2615 uobis
1049 2551 1204 2616 interesse
1219 2552 1294 2616 licet
1309 2553 1336 2615 si
1351 2575 1427 2637 pro-

226 2661 301 2724 lana
343 2657 535 2743 peregerint.
596 2653 806 2719 Manifestare
841 2675 1017 2738 possumus
1054 2653 1113 2733 eis,
1147 2653 1210 2738 ipsi
1247 2656 1426 2720 secundum

227 2761 315 2847 quod
331 2769 409 2824 sunt
423 2759 617 2824 miserentur
631 2767 688 2822 aut
702 2757 854 2842 perdunt.
897 2758 944 2821 At
957 2765 995 2820 tu
1009 2777 1070 2820 nos
1092 2779 1132 2821 ex
1153 2756 1310 2822 librorum
1330 2758 1426 2824 times

229 2863 410 2942 sententiis,
433 2883 508 2927 cum
531 2883 597 2925 non
625 2861 727 2924 simus
749 2882 789 2924 ex
818 2859 870 2924 his
893 2859 949 2945 qui
971 2859 1076 2924 caveri
1105 2859 1273 2926 docentur.
1319 2861 1427 2928 Immo

229 2976 314 3031 certe
339 2987 413 3030 meo
440 2965 638 3049 lratmmque
664 2984 810 3028 mcomm
837 2963 972 3028 consilio
994 2972 1051 3027 tna
1083 2962 1264 3048 sperabitur
1288 2987 1307 3029 a
1331 2987 1430 3030 vena·

230 3069 353 3133 toribus
368 3067 548 3133 animarum
564 3066 718 3146 conditio,
733 3066 927 3151 fatalemque
942 3066 1003 3131 tibi
1022 3067 1319 3153 praenunciabimus
1332 3070 1429 3150 diem,

229 3193 270 3236 ne
285 3171 373 3256 quod
386 3171 449 3256 ipsi
465 3171 602 3256 cupiunt
624 3169 808 3234 obdormias
823 3169 857 3233 in
871 3178 1022 3234 mortem.
1067 3170 1323 3235 Praevidebimus
1342 3172 1429 3237 enim

229 3274 289 3339 tibi
300 3296 361 3359 pro
377 3273 481 3338 salute
497 3283 554 3338 tua
568 3272 654 3337 diem
669 3281 775 3351 tuum,
800 3281 839 3336 ut
863 3271 970 3357 possis
988 3273 1080 3336 illum
1102 3273 1294 3358 poenitentia
1307 3295 1430 3358 praeve·

230 3378 309 3442 nire.
354 3376 426 3442 Nec
449 3377 605 3454 fallemur,
621 3375 768 3440 omnium
784 3375 871 3439 enim
885 3397 991 3440 rerum
1008 3375 1239 3461 experientiam
1259 3375 1430 3442 didicimus

230 3489 297 3543 tam
316 3478 454 3543 coelestis
479 3499 575 3562 quam
598 3486 745 3556 terrenae,
770 3475 919 3560 peritiam
942 3477 1086 3561 physicae
1112 3476 1233 3541 scilicet
1259 3485 1431 3558 astrorum,

232 3581 424 3666 specierum,
433 3580 617 3659 herbarum,
627 3579 784 3666 lapidum,
796 3588 830 3643 et
843 3578 1004 3663 lignorum
1020 3579 1181 3658 notitiam,
1192 3601 1368 3664 causasque
1383 3600 1432 3643 re·

263 3783 278 3815 ⁹
295 3783 322 3832 lt
331 3799 381 3833 was
391 3797 407 3832 a
417 3782 544 3846 prevalent
555 3782 716 3846 superstition
727 3786 754 3829 at
765 3780 816 3830 this
849 3780 892 3830 the
901 3779 972 3829 other
982 3779 1093 3829 demone.
1113 3779 1212 3829 Several
1223 3781 1337 3844 amusing
1345 3781 1433 3832 stories

173 3915 178 3926 ,
230 3864 315 3929 period
327 3865 472 3927 thatapart
488 3863 517 3912 of
535 3865 577 3912 the
595 3864 688 3926 Angels
706 3857 816 3911 unciali
848 3861 995 3910 illustrative
1019 3862 1048 3910 ol
1074 3861 1126 3910 this
1149 3863 1306 3925 superstition
1326 3863 1376 3911 will
1403 3863 1433 3913 be

168 3913 200 3979 ί
230 3947 291 3996 with
302 3947 403 3996 Lucifer
413 3947 513 3995 became
523 3945 679 4009 hcbgoblins,
690 3946 744 3993 who
753 3958 815 3992 wera
848 3942 1019 3991 foundinthe
1037 3941 1194 3992 itinerarium
1211 3944 1373 3994 Cambrioeol
1387 3945 1433 3994 Gi·

231 4029 373 4092 comtantly
383 4027 504 4091 occupied
513 4027 539 4076 in
548 4028 648 4091 playing
658 4027 735 4076 triclrs
746 4040 815 4088 upon
847 4023 930 4073 raldus
954 4023 1120 4084 cambrensis,
1144 4025 1193 4074 and
1223 4026 1248 4074 in
1271 4025 1379 4076 Willianr
1408 4027 1437 4076 oi

231 4110 358 4167 mankind,
369 4109 415 4159 but
425 4109 480 4158 who
493 4124 554 4159 were
565 4115 611 4158 not
622 4109 758 4172 indignant
766 4107 814 4157 like
848 4107 993 4171 Nerrbnry’s
1002 4107 1106 4170 history.
