3610 4852
387 525 450 586 210
807 539 997 585 ausurum
1015 539 1135 584 marus
1423 533 1545 596 [obsec.
1558 531 1594 579 v.

388 717 573 789 recesserat,
589 707 675 794 quod
691 707 820 793 quidem
843 730 917 773 cum
937 707 1116 772 maximum
1132 716 1219 772 esset
1232 713 1266 768 et
1280 700 1543 789 pulcherrimum,
1558 698 1595 763 in

389 813 518 878 modico
533 821 679 895 tempore
698 821 776 895 post
795 833 956 875 summam
980 833 1112 874 manum
1132 809 1315 895 oppositam
1338 815 1446 870 totum
1461 803 1592 869 corruit.

392 917 467 980 Hoc
482 924 590 979 autem
606 937 681 978 cunr
696 913 725 977 ei
741 914 846 977 timidi
862 915 1071 979 nunciassent
1083 913 1325 990 cluniacenses,
1340 919 1374 974 et
1385 917 1594 973 causarentur

391 1019 540 1096 artifices,
566 1016 732 1080 excusavit
755 1038 811 1081 eos
835 1038 903 1096 rex,
934 1017 967 1080 id
994 1026 1101 1081 actum
1127 1038 1227 1079 manu
1249 1012 1385 1077 Domini
1404 1011 1526 1088 dicens,
1551 1029 1594 1072 ne

393 1145 487 1186 suurn
504 1143 587 1206 opus
602 1121 707 1185 alieno
722 1119 806 1204 regis
827 1141 885 1205 per
908 1120 1073 1184 avaritiam
1094 1119 1172 1185 victi
1192 1119 1403 1183 fundamento
1426 1115 1595 1193 niteretur,

393 1222 564 1306 missisque
579 1221 692 1306 primis
708 1220 884 1286 artificibus
900 1221 972 1306 ejici
988 1221 1098 1285 fecita
1117 1231 1202 1285 terra
1220 1218 1372 1304 quicquid
1387 1215 1593 1280 Adellundus

393 1326 557 1410 injecerat,
569 1325 722 1410 miraeque
737 1325 967 1409 magnitudinis
983 1346 1065 1409 opus
1078 1323 1289 1408 perextruxit,
1301 1320 1453 1405 deditque
1463 1329 1595 1384 eentum

394 1426 518 1493 annuas
548 1427 645 1492 libras
675 1429 902 1512 sterlingorum
932 1427 1099 1492 monachis
1128 1437 1286 1512 perpetuo
1315 1424 1527 1511 possidendas
1553 1421 1595 1485 ad

395 1531 647 1596 conservandam
663 1531 769 1615 operis
784 1530 1041 1595 indemnitatem.
1073 1530 1166 1595 Idem
1181 1553 1254 1594 cum
1271 1541 1357 1595 esset
1368 1529 1452 1592 inter
1463 1549 1596 1592 avarum

395 1645 429 1700 et
443 1635 615 1720 prodigum
626 1635 672 1698 ita
687 1635 823 1712 medius,
845 1645 883 1698 ut
897 1655 964 1698 non
980 1644 1092 1718 posset
1105 1655 1176 1698 esse
1191 1633 1326 1718 prodigo
1342 1632 1412 1696 sine
1422 1631 1502 1695 vitio
1517 1629 1597 1694 viei-

395 1738 478 1817 nior,
494 1739 581 1802 omni
603 1759 731 1822 semper
746 1737 908 1801 affluentia
923 1736 998 1800 felix
1017 1737 1134 1816 extitit,
1156 1739 1322 1821 totiusque
1337 1735 1427 1820 regni
1449 1733 1500 1797 sui
1520 1753 1596 1817 pro-

397 1861 492 1925 spero
508 1849 595 1903 statu
610 1859 820 1923 personarum
831 1847 866 1902 et
876 1860 982 1902 rerum
994 1838 1148 1924 pollebat.
1173 1839 1316 1923 Scriptas
1329 1836 1468 1902 habebat
1478 1835 1595 1898 domus

396 1953 430 2007 et
445 1942 574 2006 familiae
589 1964 656 2006 suae
671 1941 934 2020 consuetudines,
949 1963 1028 2025 quas
1050 1943 1120 2026 ipse
1137 1951 1293 2006 statuerat
1313 1941 1430 2006 domus
1453 1950 1491 2003 ut
1512 1959 1598 2002 sem·

397 2065 456 2129 per
481 2054 567 2108 esset
590 2041 742 2108 omnibus
768 2040 897 2106 abunda
920 2043 1033 2127 copiis,
1049 2053 1082 2108 et
1105 2043 1299 2108 certissimas
1324 2041 1458 2107 haberet
1476 2041 1597 2106 vicesa

397 2146 493 2230 longe
516 2147 673 2231 provisas,
697 2153 731 2209 et
761 2145 977 2209 communiter
1006 2147 1131 2210 auditas
1157 2145 1341 2230 ubicunque
1367 2145 1519 2209 manendi
1545 2145 1598 2208 vel

398 2249 563 2327 movendi,
578 2259 611 2312 et
634 2247 676 2312 ad
698 2269 768 2311 eam
782 2247 950 2312 venientes
967 2248 1084 2333 singuli
1107 2270 1189 2333 quos
1211 2249 1348 2313 barones
1362 2258 1482 2312 vocant
1504 2257 1598 2311 terrae

398 2350 551 2434 primates
589 2359 727 2413 statutas
764 2369 804 2412 ex
841 2348 1031 2413 liberalitate
1065 2349 1149 2434 regis
1191 2350 1396 2414 liberationes
1441 2348 1600 2413 haberent

398 2451 538 2529 familias,
563 2472 604 2514 ne
634 2451 706 2535 quis
736 2460 853 2534 egeret,
880 2451 938 2514 sed
968 2451 1148 2535 perciperet
1172 2452 1317 2536 quisquis
1343 2460 1430 2515 certa
1456 2450 1600 2514 donaria.

399 2552 589 2637 Diciturque
610 2573 668 2614 sua
692 2551 791 2616 fuisse
815 2561 973 2636 quantum
1000 2551 1126 2616 sinebat
1151 2552 1293 2616 mundus
1317 2553 1386 2616 sine
1412 2573 1487 2615 cura
1502 2551 1601 2630 ouria,

400 2656 469 2720 sine
493 2656 636 2719 tumultu
651 2654 703 2719 vel
727 2655 916 2719 confusione
935 2655 1031 2740 regia,
1047 2656 1136 2740 quod
1156 2677 1264 2719 rarum
1286 2666 1347 2719 est.
1391 2655 1437 2718 Et
1453 2655 1480 2718 si
1502 2655 1601 2739 patri-

399 2756 462 2820 bus
477 2757 605 2821 credere
620 2756 706 2834 licet,
722 2778 780 2819 sua
803 2777 978 2840 possumus
995 2756 1146 2820 Saturnia
1171 2757 1275 2821 dicere
1302 2756 1409 2822 secula
1434 2758 1495 2821 sub
1515 2757 1600 2821 Jove

402 2869 525 2922 nostra.
571 2857 816 2923 concurrebant
832 2869 868 2922 ut
883 2859 974 2924 aiunt
997 2859 1140 2943 undique
1162 2881 1230 2922 non
1253 2859 1360 2924 solum
1384 2869 1545 2924 nostrates
1559 2859 1601 2922 ad

402 2960 534 3038 curiam,
550 2969 587 3022 ut
601 2959 784 3023 levarentur
799 2983 817 3022 a
832 2965 929 3039 curia,
951 2981 1064 3024 verum
1089 2961 1185 3024 etiam
1201 2961 1296 3024 alieni
1311 2961 1414 3024 veniae
1429 2960 1603 3026 veniebant

402 3077 436 3130 et
464 3073 679 3129 mercatomm
705 3073 739 3127 et
768 3063 922 3127 mercium
949 3063 1192 3129 multitudinem
1220 3065 1440 3131 inveniebant.
1498 3066 1603 3129 Erant

402 3167 490 3232 anim
513 3167 604 3252 quasi
627 3166 781 3229 nundinoe
806 3188 881 3230 cum
906 3189 980 3251 rege
1005 3190 1207 3252 quocumque
1232 3180 1337 3232 castra
1362 3178 1518 3247 moveret,
1543 3190 1602 3253 pro

404 3271 596 3338 certitudine
607 3269 732 3333 viarum
744 3291 874 3332 suarum
887 3279 920 3333 et
931 3270 1113 3334 acclamatae
1125 3271 1434 3355 perhendinationis.
1479 3271 1603 3334 Maturi

403 3375 456 3439 vel
479 3385 573 3440 oetate
587 3373 641 3438 vel
660 3373 817 3458 sapientia
843 3394 970 3457 semper
992 3385 1066 3438 ante
1088 3375 1259 3458 prandium
1280 3375 1314 3438 in
1338 3377 1515 3439 euriacum
1530 3395 1604 3460 rege

403 3499 547 3562 voceque
562 3477 722 3562 praeconia
738 3476 919 3541 citabantur
934 3476 974 3539 ad
989 3478 1116 3561 eosqui
1139 3499 1199 3561 pro
1219 3478 1353 3562 negocio
1368 3499 1428 3546 suo
1444 3479 1606 3542 desidera-

404 3581 485 3644 bant
499 3580 623 3658 audiri3
646 3590 721 3664 post
737 3579 904 3644 meridiem
919 3589 953 3644 et
977 3601 1127 3644 somnum
1153 3579 1407 3645 admittebantur
1422 3582 1606 3666 quicunque

406 3685 528 3750 ludicra
537 3683 759 3762 sectabantur3
780 3693 912 3768 eratque
925 3684 1035 3748 schola
1046 3685 1205 3748 virtutum
1217 3696 1252 3749 et
1257 3685 1423 3770 sapientire
1429 3687 1606 3771 curiaregis

406 3790 493 3853 illius
508 3797 583 3852 ante
598 3787 776 3867 meridiem,
791 3797 868 3872 post
892 3788 1053 3852 comitatis
1080 3799 1114 3852 et
1139 3789 1322 3854 reverendae
1345 3789 1476 3855 laetitiae.
1523 3791 1607 3857 Quis

407 3902 515 3956 autem
542 3891 643 3955 celare
671 3890 776 3975 possit
800 3890 887 3954 illius
913 3899 981 3953 tam
1002 3890 1138 3975 jocundi
1169 3901 1236 3955 tam
1263 3892 1405 3979 benigni,
1439 3917 1507 3959 non
1540 3904 1608 3958 tam

407 3993 609 4076 imperatoris
628 3992 680 4058 vel
699 3992 783 4077 regis
807 4015 903 4077 quam
925 3993 1026 4078 patris
1041 3993 1182 4078 Angliae,
1202 3995 1345 4065 modicas
1366 3997 1509 4076 facetias,
1533 4020 1609 4062 cum

408 4115 605 4178 nequeamus
630 4093 746 4178 exequi
776 4096 937 4178 magnas?
1003 4095 1098 4160 More
1129 4119 1189 4161 suo
1216 4098 1366 4164 sumebat
1394 4099 1611 4165 cubicularius
