<?xml version="1.0" encoding="UTF-8"?>
<!DOCTYPE html PUBLIC "-//W3C//DTD XHTML 1.0 Transitional//EN"
    "http://www.w3.org/TR/xhtml1/DTD/xhtml1-transitional.dtd">
<html xmlns="http://www.w3.org/1999/xhtml" xml:lang="en" lang="en">
 <head>
  <title>
</title>
<meta http-equiv="Content-Type" content="text/html;charset=utf-8" />
  <meta name='ocr-system' content='tesseract 3.04.00' />
  <meta name='ocr-capabilities' content='ocr_page ocr_carea ocr_par ocr_line ocrx_word'/>
</head>
<body>
  <div class='ocr_page' id='page_1' title='image "./gualterimapesde00mapgoog/gualterimapesde00mapgoog_0160.png"; bbox 0 0 3608 4862; ppageno 0'>
   <div class='ocr_carea' id='block_1_1' title="bbox 268 485 1454 562">
    <p class='ocr_par' dir='ltr' id='par_1_1' title="bbox 268 485 1454 562">
     <span class='ocr_line' id='line_1_1' title="bbox 268 485 1454 562; baseline -0.006 -14"><span class='ocrx_word' id='word_1_1' title='bbox 268 498 374 562; x_wconf 67' lang='lat' dir='ltr'><strong>erpa]</strong></span> <span class='ocrx_word' id='word_1_2' title='bbox 633 495 680 540; x_wconf 85' lang='lat' dir='ltr'><strong>na</strong></span> <span class='ocrx_word' id='word_1_3' title='bbox 706 496 815 542; x_wconf 77' lang='lat' dir='ltr'><strong>nurus</strong></span> <span class='ocrx_word' id='word_1_4' title='bbox 840 497 1064 542; x_wconf 73' lang='lat' dir='ltr'><strong>cunraurun.</strong></span> <span class='ocrx_word' id='word_1_5' title='bbox 1393 485 1454 542; x_wconf 82' lang='lat'><strong>139</strong></span> 
     </span>
    </p>
   </div>
   <div class='ocr_carea' id='block_1_2' title="bbox 221 663 1453 4150">
    <p class='ocr_par' dir='ltr' id='par_1_2' title="bbox 221 663 1453 4150">
     <span class='ocr_line' id='line_1_2' title="bbox 249 663 1453 753; baseline -0.002 -19"><span class='ocrx_word' id='word_1_6' title='bbox 249 665 380 734; x_wconf 80' lang='lat' dir='ltr'><strong>issimus</strong></span> <span class='ocrx_word' id='word_1_7' title='bbox 405 675 456 730; x_wconf 87' lang='lat' dir='ltr'><strong>est</strong></span> <span class='ocrx_word' id='word_1_8' title='bbox 481 663 580 728; x_wconf 88' lang='lat' dir='ltr'><strong>armis</strong></span> <span class='ocrx_word' id='word_1_9' title='bbox 595 673 628 730; x_wconf 92' lang='lat' dir='ltr'><strong>et</strong></span> <span class='ocrx_word' id='word_1_10' title='bbox 642 665 808 750; x_wconf 85' lang='lat' dir='ltr'><strong>regimine,</strong></span> <span class='ocrx_word' id='word_1_11' title='bbox 824 676 997 752; x_wconf 90' lang='lat' dir='ltr'><strong>postquam</strong></span> <span class='ocrx_word' id='word_1_12' title='bbox 1016 665 1179 731; x_wconf 87' lang='lat' dir='ltr'><strong>Henricus</strong></span> <span class='ocrx_word' id='word_1_13' title='bbox 1199 687 1255 731; x_wconf 85' lang='lat' dir='ltr'><strong>rex</strong></span> <span class='ocrx_word' id='word_1_14' title='bbox 1271 667 1382 753; x_wconf 90' lang='lat' dir='ltr'><strong>junior</strong></span> <span class='ocrx_word' id='word_1_15' title='bbox 1397 667 1453 732; x_wconf 90' lang='lat' dir='ltr'><strong>de·</strong></span> 
     </span>
     <span class='ocr_line' id='line_1_3' title="bbox 247 767 1450 856; baseline 0 -21"><span class='ocrx_word' id='word_1_16' title='bbox 247 769 355 848; x_wconf 78' lang='lat' dir='ltr'><strong>cessit,</strong></span> <span class='ocrx_word' id='word_1_17' title='bbox 371 770 474 834; x_wconf 86' lang='lat' dir='ltr'><strong>nostri</strong></span> <span class='ocrx_word' id='word_1_18' title='bbox 488 768 574 832; x_wconf 88' lang='lat' dir='ltr'><strong>filius</strong></span> <span class='ocrx_word' id='word_1_19' title='bbox 592 767 726 834; x_wconf 88' lang='lat' dir='ltr'><strong>Henrici</strong></span> <span class='ocrx_word' id='word_1_20' title='bbox 740 770 836 854; x_wconf 86' lang='lat' dir='ltr'><strong>regis,</strong></span> <span class='ocrx_word' id='word_1_21' title='bbox 850 771 902 834; x_wconf 91' lang='lat' dir='ltr'><strong>cui</strong></span> <span class='ocrx_word' id='word_1_22' title='bbox 918 791 1024 850; x_wconf 91' lang='lat' dir='ltr'><strong>nemo,</strong></span> <span class='ocrx_word' id='word_1_23' title='bbox 1040 771 1112 834; x_wconf 92' lang='lat' dir='ltr'><strong>Deo</strong></span> <span class='ocrx_word' id='word_1_24' title='bbox 1126 771 1264 856; x_wconf 78' lang='lat' dir='ltr'>gratias!</span> <span class='ocrx_word' id='word_1_25' title='bbox 1281 771 1377 835; x_wconf 90' lang='lat' dir='ltr'><strong>hodie</strong></span> <span class='ocrx_word' id='word_1_26' title='bbox 1392 792 1450 855; x_wconf 89' lang='lat' dir='ltr'><strong>par</strong></span> 
     </span>
     <span class='ocr_line' id='line_1_4' title="bbox 247 871 1450 958; baseline -0.001 -21"><span class='ocrx_word' id='word_1_27' title='bbox 247 881 307 938; x_wconf 90' lang='lat' dir='ltr'><strong>est.</strong></span> <span class='ocrx_word' id='word_1_28' title='bbox 351 871 504 936; x_wconf 81' lang='lat' dir='ltr'><strong>Decessit</strong></span> <span class='ocrx_word' id='word_1_29' title='bbox 520 879 629 934; x_wconf 82' lang='lat' dir='ltr'><strong>autem</strong></span> <span class='ocrx_word' id='word_1_30' title='bbox 643 871 697 934; x_wconf 93' lang='lat' dir='ltr'><strong>ille</strong></span> <span class='ocrx_word' id='word_1_31' title='bbox 708 873 963 955; x_wconf 78' lang='lat' dir='ltr'><strong>praenominatus</strong></span> <span class='ocrx_word' id='word_1_32' title='bbox 979 873 1142 938; x_wconf 90' lang='lat' dir='ltr'><strong>Henricus</strong></span> <span class='ocrx_word' id='word_1_33' title='bbox 1158 873 1243 958; x_wconf 91' lang='lat' dir='ltr'><strong>apud</strong></span> <span class='ocrx_word' id='word_1_34' title='bbox 1261 872 1450 937; x_wconf 88' lang='lat' dir='ltr'><strong>Martellum</strong></span> 
     </span>
     <span class='ocr_line' id='line_1_5' title="bbox 247 974 1447 1062; baseline 0 -22"><span class='ocrx_word' id='word_1_35' title='bbox 247 997 358 1040; x_wconf 89' lang='lat' dir='ltr'><strong>mense</strong></span> <span class='ocrx_word' id='word_1_36' title='bbox 387 996 453 1061; x_wconf 92' lang='lat' dir='ltr'><strong>quo</strong></span> <span class='ocrx_word' id='word_1_37' title='bbox 482 974 567 1038; x_wconf 89' lang='lat' dir='ltr'><strong>hanc</strong></span> <span class='ocrx_word' id='word_1_38' title='bbox 595 974 747 1060; x_wconf 89' lang='lat' dir='ltr'><strong>paginam</strong></span> <span class='ocrx_word' id='word_1_39' title='bbox 776 976 864 1061; x_wconf 91' lang='lat' dir='ltr'><strong>apud</strong></span> <span class='ocrx_word' id='word_1_40' title='bbox 895 975 1080 1041; x_wconf 72' lang='lat' dir='ltr'><strong>salmurum</strong></span> <span class='ocrx_word' id='word_1_41' title='bbox 1110 976 1235 1062; x_wconf 83' lang='lat' dir='ltr'><strong>scripsi,</strong></span> <span class='ocrx_word' id='word_1_42' title='bbox 1262 977 1314 1041; x_wconf 91' lang='lat' dir='ltr'><strong>die</strong></span> <span class='ocrx_word' id='word_1_43' title='bbox 1344 977 1447 1040; x_wconf 86' lang='lat' dir='ltr'><strong>sancti</strong></span> 
     </span>
     <span class='ocr_line' id='line_1_6' title="bbox 247 1078 1446 1166; baseline 0 -22"><span class='ocrx_word' id='word_1_44' title='bbox 247 1079 404 1146; x_wconf 76' lang='lat' dir='ltr'><strong>Bamaba</strong></span> <span class='ocrx_word' id='word_1_45' title='bbox 419 1078 569 1165; x_wconf 90' lang='lat' dir='ltr'><strong>apostoli,</strong></span> <span class='ocrx_word' id='word_1_46' title='bbox 584 1100 670 1143; x_wconf 86' lang='lat' dir='ltr'><strong>anno</strong></span> <span class='ocrx_word' id='word_1_47' title='bbox 684 1079 725 1142; x_wconf 88' lang='lat' dir='ltr'><strong>ab</strong></span> <span class='ocrx_word' id='word_1_48' title='bbox 740 1078 959 1143; x_wconf 79' lang='lat' dir='ltr'><strong>incarnatione</strong></span> <span class='ocrx_word' id='word_1_49' title='bbox 975 1080 1110 1144; x_wconf 90' lang='lat' dir='ltr'><strong>Domini</strong></span> <span class='ocrx_word' id='word_1_50' title='bbox 1127 1081 1187 1144; x_wconf 86' lang='lat' dir='ltr'><strong>M⁰.</strong></span> <span class='ocrx_word' id='word_1_51' title='bbox 1204 1101 1235 1145; x_wconf 93' lang='lat' dir='ltr'><strong>c.</strong></span> <span class='ocrx_word' id='word_1_52' title='bbox 1248 1080 1446 1166; x_wconf 87' lang='lat' dir='ltr'><strong>octogesimo</strong></span> 
     </span>
     <span class='ocr_line' id='line_1_7' title="bbox 246 1183 1445 1268; baseline -0.002 -18"><span class='ocrx_word' id='word_1_53' title='bbox 246 1184 400 1264; x_wconf 88' lang='lat' dir='ltr'><strong>secundo,</strong></span> <span class='ocrx_word' id='word_1_54' title='bbox 415 1194 450 1249; x_wconf 89' lang='lat' dir='ltr'><strong>et</strong></span> <span class='ocrx_word' id='word_1_55' title='bbox 464 1205 532 1248; x_wconf 85' lang='lat' dir='ltr'><strong>suoe</strong></span> <span class='ocrx_word' id='word_1_56' title='bbox 546 1183 724 1247; x_wconf 87' lang='lat' dir='ltr'><strong>nativitatis</strong></span> <span class='ocrx_word' id='word_1_57' title='bbox 740 1183 852 1268; x_wconf 84' lang='lat' dir='ltr'><strong>xxvij0,</strong></span> <span class='ocrx_word' id='word_1_58' title='bbox 867 1183 916 1246; x_wconf 90' lang='lat' dir='ltr'><strong>vir</strong></span> <span class='ocrx_word' id='word_1_59' title='bbox 930 1205 1024 1248; x_wconf 82' lang='lat' dir='ltr'><strong>novae</strong></span> <span class='ocrx_word' id='word_1_60' title='bbox 1039 1184 1279 1250; x_wconf 77' lang='lat' dir='ltr'><strong>adinventionis</strong></span> <span class='ocrx_word' id='word_1_61' title='bbox 1290 1185 1325 1249; x_wconf 90' lang='lat' dir='ltr'><strong>in</strong></span> <span class='ocrx_word' id='word_1_62' title='bbox 1337 1184 1445 1262; x_wconf 88' lang='lat' dir='ltr'><strong>armis,</strong></span> 
     </span>
     <span class='ocr_line' id='line_1_8' title="bbox 244 1285 1444 1373; baseline 0.001 -24"><span class='ocrx_word' id='word_1_63' title='bbox 244 1287 299 1371; x_wconf 88' lang='lat' dir='ltr'><strong>qui</strong></span> <span class='ocrx_word' id='word_1_64' title='bbox 314 1285 462 1350; x_wconf 90' lang='lat' dir='ltr'><strong>militiam</strong></span> <span class='ocrx_word' id='word_1_65' title='bbox 477 1286 544 1350; x_wconf 92' lang='lat' dir='ltr'><strong>fere</strong></span> <span class='ocrx_word' id='word_1_66' title='bbox 559 1285 698 1370; x_wconf 77' lang='lat' dir='ltr'><strong>sopitam</strong></span> <span class='ocrx_word' id='word_1_67' title='bbox 712 1285 875 1364; x_wconf 85' lang='lat' dir='ltr'><strong>excitavit,</strong></span> <span class='ocrx_word' id='word_1_68' title='bbox 890 1286 980 1350; x_wconf 90' lang='lat' dir='ltr'><strong>etad</strong></span> <span class='ocrx_word' id='word_1_69' title='bbox 994 1309 1158 1351; x_wconf 90' lang='lat' dir='ltr'><strong>summum</strong></span> <span class='ocrx_word' id='word_1_70' title='bbox 1169 1310 1272 1373; x_wconf 91' lang='lat' dir='ltr'><strong>usque</strong></span> <span class='ocrx_word' id='word_1_71' title='bbox 1283 1287 1444 1372; x_wconf 83' lang='lat' dir='ltr'><strong>perduxit.</strong></span> 
     </span>
     <span class='ocr_line' id='line_1_9' title="bbox 246 1385 1444 1475; baseline -0.003 -21"><span class='ocrx_word' id='word_1_72' title='bbox 246 1389 329 1475; x_wconf 84' lang='lat' dir='ltr'><strong>Ejus</strong></span> <span class='ocrx_word' id='word_1_73' title='bbox 355 1409 532 1474; x_wconf 89' lang='lat' dir='ltr'><strong>possumus</strong></span> <span class='ocrx_word' id='word_1_74' title='bbox 548 1385 685 1451; x_wconf 89' lang='lat' dir='ltr'><strong>virtutes</strong></span> <span class='ocrx_word' id='word_1_75' title='bbox 709 1387 764 1471; x_wconf 92' lang='lat' dir='ltr'><strong>qui</strong></span> <span class='ocrx_word' id='word_1_76' title='bbox 788 1407 863 1451; x_wconf 92' lang='lat' dir='ltr'><strong>eum</strong></span> <span class='ocrx_word' id='word_1_77' title='bbox 880 1388 1033 1468; x_wconf 87' lang='lat' dir='ltr'><strong>vidimus,</strong></span> <span class='ocrx_word' id='word_1_78' title='bbox 1053 1389 1156 1474; x_wconf 87' lang='lat' dir='ltr'><strong>ipsius</strong></span> <span class='ocrx_word' id='word_1_79' title='bbox 1181 1389 1276 1454; x_wconf 88' lang='lat' dir='ltr'><strong>amici</strong></span> <span class='ocrx_word' id='word_1_80' title='bbox 1297 1399 1331 1454; x_wconf 88' lang='lat' dir='ltr'><strong>et</strong></span> <span class='ocrx_word' id='word_1_81' title='bbox 1351 1389 1444 1454; x_wconf 90' lang='lat' dir='ltr'><strong>fami-</strong></span> 
     </span>
     <span class='ocr_line' id='line_1_10' title="bbox 240 1488 1442 1577; baseline 0 -21"><span class='ocrx_word' id='word_1_82' title='bbox 240 1493 345 1572; x_wconf 86' lang='lat' dir='ltr'><strong>liares,</strong></span> <span class='ocrx_word' id='word_1_83' title='bbox 360 1500 394 1555; x_wconf 92' lang='lat' dir='ltr'><strong>et</strong></span> <span class='ocrx_word' id='word_1_84' title='bbox 406 1489 524 1576; x_wconf 87' lang='lat' dir='ltr'><strong>gratias</strong></span> <span class='ocrx_word' id='word_1_85' title='bbox 539 1488 730 1554; x_wconf 86' lang='lat' dir='ltr'><strong>describere.</strong></span> <span class='ocrx_word' id='word_1_86' title='bbox 775 1489 948 1575; x_wconf 84' lang='lat' dir='ltr'><strong>Speciosus</strong></span> <span class='ocrx_word' id='word_1_87' title='bbox 964 1501 1033 1556; x_wconf 89' lang='lat' dir='ltr'><strong>erat</strong></span> <span class='ocrx_word' id='word_1_88' title='bbox 1047 1514 1113 1577; x_wconf 84' lang='lat' dir='ltr'><strong>prae</strong></span> <span class='ocrx_word' id='word_1_89' title='bbox 1128 1493 1252 1557; x_wconf 77' lang='lat' dir='ltr'><strong>coeteris</strong></span> <span class='ocrx_word' id='word_1_90' title='bbox 1268 1502 1391 1558; x_wconf 86' lang='lat' dir='ltr'><strong>statura</strong></span> <span class='ocrx_word' id='word_1_91' title='bbox 1408 1505 1442 1556; x_wconf 89' lang='lat' dir='ltr'><strong>et</strong></span> 
     </span>
     <span class='ocr_line' id='line_1_11' title="bbox 240 1593 1441 1679; baseline 0.001 -19"><span class='ocrx_word' id='word_1_92' title='bbox 240 1596 331 1676; x_wconf 86' lang='lat' dir='ltr'><strong>facie,</strong></span> <span class='ocrx_word' id='word_1_93' title='bbox 360 1594 566 1660; x_wconf 86' lang='lat' dir='ltr'><strong>beatissimus</strong></span> <span class='ocrx_word' id='word_1_94' title='bbox 595 1593 780 1679; x_wconf 88' lang='lat' dir='ltr'><strong>eloquentia</strong></span> <span class='ocrx_word' id='word_1_95' title='bbox 809 1603 843 1658; x_wconf 88' lang='lat' dir='ltr'><strong>et</strong></span> <span class='ocrx_word' id='word_1_96' title='bbox 879 1594 1076 1676; x_wconf 80' lang='lat' dir='ltr'><strong>affabilitate,</strong></span> <span class='ocrx_word' id='word_1_97' title='bbox 1113 1597 1284 1662; x_wconf 89' lang='lat' dir='ltr'><strong>hominum</strong></span> <span class='ocrx_word' id='word_1_98' title='bbox 1321 1617 1441 1674; x_wconf 89' lang='lat' dir='ltr'><strong>amore,</strong></span> 
     </span>
     <span class='ocr_line' id='line_1_12' title="bbox 239 1695 1443 1783; baseline -0.001 -21"><span class='ocrx_word' id='word_1_99' title='bbox 239 1698 351 1783; x_wconf 85' lang='lat' dir='ltr'><strong>gratia,</strong></span> <span class='ocrx_word' id='word_1_100' title='bbox 366 1706 400 1761; x_wconf 93' lang='lat' dir='ltr'><strong>et</strong></span> <span class='ocrx_word' id='word_1_101' title='bbox 414 1698 523 1761; x_wconf 90' lang='lat' dir='ltr'><strong>favore</strong></span> <span class='ocrx_word' id='word_1_102' title='bbox 538 1695 755 1775; x_wconf 87' lang='lat' dir='ltr'><strong>felicissimus,</strong></span> <span class='ocrx_word' id='word_1_103' title='bbox 770 1697 978 1780; x_wconf 78' lang='lat' dir='ltr'><strong>persuasione</strong></span> <span class='ocrx_word' id='word_1_104' title='bbox 998 1697 1032 1761; x_wconf 89' lang='lat' dir='ltr'><strong>in</strong></span> <span class='ocrx_word' id='word_1_105' title='bbox 1053 1707 1183 1763; x_wconf 87' lang='lat' dir='ltr'><strong>tantum</strong></span> <span class='ocrx_word' id='word_1_106' title='bbox 1198 1699 1310 1762; x_wconf 82' lang='lat' dir='ltr'><strong>efficax</strong></span> <span class='ocrx_word' id='word_1_107' title='bbox 1324 1707 1363 1761; x_wconf 93' lang='lat' dir='ltr'><strong>ut</strong></span> <span class='ocrx_word' id='word_1_108' title='bbox 1376 1699 1443 1762; x_wconf 90' lang='lat' dir='ltr'><strong>fere</strong></span> 
     </span>
     <span class='ocr_line' id='line_1_13' title="bbox 242 1797 1443 1885; baseline -0.002 -18"><span class='ocrx_word' id='word_1_109' title='bbox 242 1823 355 1867; x_wconf 88' lang='lat' dir='ltr'><strong>omnes</strong></span> <span class='ocrx_word' id='word_1_110' title='bbox 366 1800 468 1885; x_wconf 90' lang='lat' dir='ltr'><strong>patris</strong></span> <span class='ocrx_word' id='word_1_111' title='bbox 483 1799 534 1864; x_wconf 90' lang='lat' dir='ltr'><strong>sui</strong></span> <span class='ocrx_word' id='word_1_112' title='bbox 548 1799 660 1863; x_wconf 88' lang='lat' dir='ltr'><strong>fideles</strong></span> <span class='ocrx_word' id='word_1_113' title='bbox 671 1797 705 1862; x_wconf 92' lang='lat' dir='ltr'><strong>in</strong></span> <span class='ocrx_word' id='word_1_114' title='bbox 716 1798 824 1884; x_wconf 91' lang='lat' dir='ltr'><strong>ipsum</strong></span> <span class='ocrx_word' id='word_1_115' title='bbox 839 1799 1005 1885; x_wconf 84' lang='lat' dir='ltr'><strong>insurgere</strong></span> <span class='ocrx_word' id='word_1_116' title='bbox 1020 1801 1178 1866; x_wconf 78' lang='lat' dir='ltr'><strong>fefellerit.</strong></span> <span class='ocrx_word' id='word_1_117' title='bbox 1211 1801 1357 1865; x_wconf 90' lang='lat' dir='ltr'><strong>Absalon</strong></span> <span class='ocrx_word' id='word_1_118' title='bbox 1368 1822 1443 1865; x_wconf 90' lang='lat' dir='ltr'><strong>eum</strong></span> 
     </span>
     <span class='ocr_line' id='line_1_14' title="bbox 238 1900 1442 1986; baseline 0 -18"><span class='ocrx_word' id='word_1_119' title='bbox 238 1904 268 1968; x_wconf 92' lang='lat' dir='ltr'><strong>si</strong></span> <span class='ocrx_word' id='word_1_120' title='bbox 290 1925 357 1967; x_wconf 90' lang='lat' dir='ltr'><strong>non</strong></span> <span class='ocrx_word' id='word_1_121' title='bbox 382 1903 484 1986; x_wconf 90' lang='lat' dir='ltr'><strong>major</strong></span> <span class='ocrx_word' id='word_1_122' title='bbox 505 1901 559 1967; x_wconf 91' lang='lat' dir='ltr'><strong>hic</strong></span> <span class='ocrx_word' id='word_1_123' title='bbox 582 1922 660 1966; x_wconf 91' lang='lat' dir='ltr'><strong>vero</strong></span> <span class='ocrx_word' id='word_1_124' title='bbox 680 1900 753 1980; x_wconf 89' lang='lat' dir='ltr'><strong>fuit,</strong></span> <span class='ocrx_word' id='word_1_125' title='bbox 768 1923 954 1986; x_wconf 87' lang='lat' dir='ltr'><strong>comparare</strong></span> <span class='ocrx_word' id='word_1_126' title='bbox 975 1903 1083 1986; x_wconf 87' lang='lat' dir='ltr'><strong>possis</strong></span> <span class='ocrx_word' id='word_1_127' title='bbox 1095 1928 1105 1983; x_wconf 89' lang='lat'>;</span> <span class='ocrx_word' id='word_1_128' title='bbox 1127 1904 1181 1968; x_wconf 92' lang='lat' dir='ltr'><strong>ille</strong></span> <span class='ocrx_word' id='word_1_129' title='bbox 1203 1926 1306 1967; x_wconf 92' lang='lat' dir='ltr'><strong>unum</strong></span> <span class='ocrx_word' id='word_1_130' title='bbox 1328 1903 1442 1968; x_wconf 89' lang='lat' dir='ltr'><strong>habuit</strong></span> 
     </span>
     <span class='ocr_line' id='line_1_15' title="bbox 236 2005 1439 2091; baseline 0.001 -20"><span class='ocrx_word' id='word_1_131' title='bbox 236 2005 459 2090; x_wconf 88' lang='lat' dir='ltr'><strong>Architophel,</strong></span> <span class='ocrx_word' id='word_1_132' title='bbox 482 2005 535 2069; x_wconf 93' lang='lat' dir='ltr'><strong>hic</strong></span> <span class='ocrx_word' id='word_1_133' title='bbox 559 2005 691 2083; x_wconf 90' lang='lat' dir='ltr'><strong>multos,</strong></span> <span class='ocrx_word' id='word_1_134' title='bbox 713 2014 747 2068; x_wconf 92' lang='lat' dir='ltr'><strong>et</strong></span> <span class='ocrx_word' id='word_1_135' title='bbox 769 2005 896 2068; x_wconf 89' lang='lat' dir='ltr'><strong>nullum</strong></span> <span class='ocrx_word' id='word_1_136' title='bbox 920 2005 1046 2084; x_wconf 85' lang='lat' dir='ltr'><strong>Chusi3</strong></span> <span class='ocrx_word' id='word_1_137' title='bbox 1076 2007 1164 2090; x_wconf 89' lang='lat' dir='ltr'><strong>quod</strong></span> <span class='ocrx_word' id='word_1_138' title='bbox 1187 2006 1319 2091; x_wconf 91' lang='lat' dir='ltr'><strong>quidem</strong></span> <span class='ocrx_word' id='word_1_139' title='bbox 1341 2007 1439 2072; x_wconf 89' lang='lat' dir='ltr'><strong>hodie</strong></span> 
     </span>
     <span class='ocr_line' id='line_1_16' title="bbox 235 2107 1437 2193; baseline -0.001 -19"><span class='ocrx_word' id='word_1_140' title='bbox 235 2109 452 2174; x_wconf 81' lang='lat' dir='ltr'><strong>manifestavit</strong></span> <span class='ocrx_word' id='word_1_141' title='bbox 480 2109 655 2188; x_wconf 89' lang='lat' dir='ltr'><strong>Dominus,</strong></span> <span class='ocrx_word' id='word_1_142' title='bbox 679 2107 735 2193; x_wconf 91' lang='lat' dir='ltr'><strong>qui</strong></span> <span class='ocrx_word' id='word_1_143' title='bbox 771 2129 885 2173; x_wconf 90' lang='lat' dir='ltr'><strong>omnes</strong></span> <span class='ocrx_word' id='word_1_144' title='bbox 921 2107 1156 2174; x_wconf 86' lang='lat' dir='ltr'><strong>misericordias</strong></span> <span class='ocrx_word' id='word_1_145' title='bbox 1195 2110 1304 2175; x_wconf 89' lang='lat' dir='ltr'><strong>David</strong></span> <span class='ocrx_word' id='word_1_146' title='bbox 1332 2109 1437 2174; x_wconf 87' lang='lat' dir='ltr'><strong>fidelis</strong></span> 
     </span>
     <span class='ocr_line' id='line_1_17' title="bbox 235 2211 1438 2299; baseline 0 -21"><span class='ocrx_word' id='word_1_147' title='bbox 235 2213 369 2278; x_wconf 89' lang='lat' dir='ltr'><strong>domino</strong></span> <span class='ocrx_word' id='word_1_148' title='bbox 384 2222 496 2277; x_wconf 89' lang='lat' dir='ltr'><strong>nostro</strong></span> <span class='ocrx_word' id='word_1_149' title='bbox 510 2213 596 2299; x_wconf 87' lang='lat' dir='ltr'><strong>patri</strong></span> <span class='ocrx_word' id='word_1_150' title='bbox 617 2233 676 2276; x_wconf 89' lang='lat' dir='ltr'><strong>suo</strong></span> <span class='ocrx_word' id='word_1_151' title='bbox 699 2211 884 2296; x_wconf 87' lang='lat' dir='ltr'><strong>complevit,</strong></span> <span class='ocrx_word' id='word_1_152' title='bbox 898 2211 933 2276; x_wconf 93' lang='lat' dir='ltr'><strong>id</strong></span> <span class='ocrx_word' id='word_1_153' title='bbox 948 2221 998 2276; x_wconf 89' lang='lat' dir='ltr'><strong>est</strong></span> <span class='ocrx_word' id='word_1_154' title='bbox 1012 2212 1084 2277; x_wconf 88' lang='lat' dir='ltr'><strong>illas</strong></span> <span class='ocrx_word' id='word_1_155' title='bbox 1099 2235 1179 2298; x_wconf 88' lang='lat' dir='ltr'><strong>quas</strong></span> <span class='ocrx_word' id='word_1_156' title='bbox 1194 2213 1264 2298; x_wconf 92' lang='lat' dir='ltr'><strong>ipse</strong></span> <span class='ocrx_word' id='word_1_157' title='bbox 1277 2213 1363 2276; x_wconf 88' lang='lat' dir='ltr'><strong>fideli</strong></span> <span class='ocrx_word' id='word_1_158' title='bbox 1378 2234 1438 2278; x_wconf 91' lang='lat' dir='ltr'><strong>suo</strong></span> 
     </span>
     <span class='ocr_line' id='line_1_18' title="bbox 237 2313 1437 2399; baseline -0.002 -19"><span class='ocrx_word' id='word_1_159' title='bbox 237 2315 345 2380; x_wconf 87' lang='lat' dir='ltr'><strong>David</strong></span> <span class='ocrx_word' id='word_1_160' title='bbox 359 2314 487 2394; x_wconf 91' lang='lat' dir='ltr'><strong>habuit,</strong></span> <span class='ocrx_word' id='word_1_161' title='bbox 502 2315 655 2399; x_wconf 89' lang='lat' dir='ltr'><strong>quoniam</strong></span> <span class='ocrx_word' id='word_1_162' title='bbox 665 2335 705 2377; x_wconf 85' lang='lat' dir='ltr'><strong>ex</strong></span> <span class='ocrx_word' id='word_1_163' title='bbox 720 2315 810 2378; x_wconf 91' lang='lat' dir='ltr'><strong>omni</strong></span> <span class='ocrx_word' id='word_1_164' title='bbox 824 2313 1033 2380; x_wconf 85' lang='lat' dir='ltr'><strong>tribulatione</strong></span> <span class='ocrx_word' id='word_1_165' title='bbox 1048 2315 1161 2378; x_wconf 89' lang='lat' dir='ltr'><strong>eduxit</strong></span> <span class='ocrx_word' id='word_1_166' title='bbox 1176 2337 1251 2379; x_wconf 90' lang='lat' dir='ltr'><strong>eum</strong></span> <span class='ocrx_word' id='word_1_167' title='bbox 1263 2315 1437 2396; x_wconf 90' lang='lat' dir='ltr'><strong>Dominus,</strong></span> 
     </span>
     <span class='ocr_line' id='line_1_19' title="bbox 235 2416 1436 2504; baseline -0.002 -19"><span class='ocrx_word' id='word_1_168' title='bbox 235 2429 269 2485; x_wconf 90' lang='lat' dir='ltr'><strong>et</strong></span> <span class='ocrx_word' id='word_1_169' title='bbox 284 2438 382 2504; x_wconf 90' lang='lat' dir='ltr'><strong>super</strong></span> <span class='ocrx_word' id='word_1_170' title='bbox 395 2418 476 2481; x_wconf 90' lang='lat' dir='ltr'><strong>iram</strong></span> <span class='ocrx_word' id='word_1_171' title='bbox 491 2418 696 2483; x_wconf 89' lang='lat' dir='ltr'><strong>inimieorum</strong></span> <span class='ocrx_word' id='word_1_172' title='bbox 717 2438 850 2482; x_wconf 86' lang='lat' dir='ltr'><strong>suorum</strong></span> <span class='ocrx_word' id='word_1_173' title='bbox 870 2417 1007 2502; x_wconf 87' lang='lat' dir='ltr'><strong>despicit</strong></span> <span class='ocrx_word' id='word_1_174' title='bbox 1030 2419 1143 2482; x_wconf 88' lang='lat' dir='ltr'><strong>oculus</strong></span> <span class='ocrx_word' id='word_1_175' title='bbox 1165 2419 1246 2502; x_wconf 85' lang='lat' dir='ltr'><strong>ejus.</strong></span> <span class='ocrx_word' id='word_1_176' title='bbox 1290 2416 1436 2483; x_wconf 84' lang='lat' dir='ltr'><strong>Absalon</strong></span> 
     </span>
     <span class='ocr_line' id='line_1_20' title="bbox 234 2519 1436 2605; baseline -0.002 -19"><span class='ocrx_word' id='word_1_177' title='bbox 234 2545 313 2586; x_wconf 88' lang='lat' dir='ltr'><strong>suus</strong></span> <span class='ocrx_word' id='word_1_178' title='bbox 335 2529 438 2587; x_wconf 88' lang='lat' dir='ltr'><strong>tutam</strong></span> <span class='ocrx_word' id='word_1_179' title='bbox 461 2520 656 2584; x_wconf 83' lang='lat' dir='ltr'><strong>excitaverat</strong></span> <span class='ocrx_word' id='word_1_180' title='bbox 676 2519 896 2605; x_wconf 82' lang='lat' dir='ltr'><strong>Aquitaniam,</strong></span> <span class='ocrx_word' id='word_1_181' title='bbox 922 2519 1154 2604; x_wconf 86' lang='lat' dir='ltr'><strong>Burgundiam,</strong></span> <span class='ocrx_word' id='word_1_182' title='bbox 1181 2531 1215 2584; x_wconf 92' lang='lat' dir='ltr'><strong>et</strong></span> <span class='ocrx_word' id='word_1_183' title='bbox 1239 2542 1280 2584; x_wconf 87' lang='lat' dir='ltr'><strong>ex</strong></span> <span class='ocrx_word' id='word_1_184' title='bbox 1303 2520 1436 2585; x_wconf 84' lang='lat' dir='ltr'><strong>Francis</strong></span> 
     </span>
     <span class='ocr_line' id='line_1_21' title="bbox 232 2622 1435 2709; baseline -0.002 -18"><span class='ocrx_word' id='word_1_185' title='bbox 232 2626 354 2691; x_wconf 89' lang='lat' dir='ltr'><strong>multos</strong></span> <span class='ocrx_word' id='word_1_186' title='bbox 368 2625 402 2688; x_wconf 94' lang='lat' dir='ltr'><strong>in</strong></span> <span class='ocrx_word' id='word_1_187' title='bbox 417 2632 543 2709; x_wconf 87' lang='lat' dir='ltr'><strong>patrem</strong></span> <span class='ocrx_word' id='word_1_188' title='bbox 558 2644 654 2687; x_wconf 91' lang='lat' dir='ltr'><strong>suum</strong></span> <span class='ocrx_word' id='word_1_189' title='bbox 669 2622 839 2686; x_wconf 92' lang='lat' dir='ltr'><strong>dominum</strong></span> <span class='ocrx_word' id='word_1_190' title='bbox 854 2631 1012 2701; x_wconf 90' lang='lat' dir='ltr'><strong>nostrum,</strong></span> <span class='ocrx_word' id='word_1_191' title='bbox 1028 2633 1062 2688; x_wconf 94' lang='lat' dir='ltr'><strong>et</strong></span> <span class='ocrx_word' id='word_1_192' title='bbox 1076 2645 1190 2687; x_wconf 89' lang='lat' dir='ltr'><strong>omnes</strong></span> <span class='ocrx_word' id='word_1_193' title='bbox 1206 2623 1385 2687; x_wconf 88' lang='lat' dir='ltr'><strong>Mansellos</strong></span> <span class='ocrx_word' id='word_1_194' title='bbox 1401 2633 1435 2688; x_wconf 90' lang='lat' dir='ltr'><strong>et</strong></span> 
     </span>
     <span class='ocr_line' id='line_1_22' title="bbox 231 2725 1433 2814; baseline -0.001 -21"><span class='ocrx_word' id='word_1_195' title='bbox 231 2728 482 2814; x_wconf 89' lang='lat' dir='ltr'><strong>Andegavenses</strong></span> <span class='ocrx_word' id='word_1_196' title='bbox 492 2727 693 2805; x_wconf 91' lang='lat' dir='ltr'><strong>etBritoues,</strong></span> <span class='ocrx_word' id='word_1_197' title='bbox 702 2736 784 2790; x_wconf 89' lang='lat' dir='ltr'><strong>etex</strong></span> <span class='ocrx_word' id='word_1_198' title='bbox 794 2725 911 2810; x_wconf 91' lang='lat' dir='ltr'><strong>quibus</strong></span> <span class='ocrx_word' id='word_1_199' title='bbox 921 2725 1091 2791; x_wconf 86' lang='lat' dir='ltr'><strong>nobiscum</strong></span> <span class='ocrx_word' id='word_1_200' title='bbox 1102 2726 1284 2792; x_wconf 84' lang='lat' dir='ltr'><strong>militabant</strong></span> <span class='ocrx_word' id='word_1_201' title='bbox 1293 2727 1433 2792; x_wconf 83' lang='lat' dir='ltr'><strong>maxima</strong></span> 
     </span>
     <span class='ocr_line' id='line_1_23' title="bbox 230 2830 1432 2919; baseline -0.002 -22"><span class='ocrx_word' id='word_1_202' title='bbox 230 2855 306 2919; x_wconf 90' lang='lat' dir='ltr'><strong>pars</strong></span> <span class='ocrx_word' id='word_1_203' title='bbox 321 2831 491 2898; x_wconf 86' lang='lat' dir='ltr'><strong>vacillabat</strong></span> <span class='ocrx_word' id='word_1_204' title='bbox 505 2831 546 2894; x_wconf 91' lang='lat' dir='ltr'><strong>ad</strong></span> <span class='ocrx_word' id='word_1_205' title='bbox 561 2831 681 2915; x_wconf 88' lang='lat' dir='ltr'><strong>ipsum.</strong></span> <span class='ocrx_word' id='word_1_206' title='bbox 718 2830 872 2895; x_wconf 86' lang='lat' dir='ltr'><strong>Manselli</strong></span> <span class='ocrx_word' id='word_1_207' title='bbox 886 2840 996 2895; x_wconf 83' lang='lat' dir='ltr'><strong>tamen</strong></span> <span class='ocrx_word' id='word_1_208' title='bbox 1012 2841 1046 2895; x_wconf 90' lang='lat' dir='ltr'><strong>et</strong></span> <span class='ocrx_word' id='word_1_209' title='bbox 1056 2831 1307 2916; x_wconf 85' lang='lat' dir='ltr'><strong>Andegavenses</strong></span> <span class='ocrx_word' id='word_1_210' title='bbox 1325 2830 1432 2917; x_wconf 89' lang='lat' dir='ltr'><strong>palam</strong></span> 
     </span>
     <span class='ocr_line' id='line_1_24' title="bbox 230 2934 1432 3020; baseline -0.003 -19"><span class='ocrx_word' id='word_1_211' title='bbox 230 2959 292 3001; x_wconf 89' lang='lat' dir='ltr'><strong>nos</strong></span> <span class='ocrx_word' id='word_1_212' title='bbox 302 2935 488 3001; x_wconf 89' lang='lat' dir='ltr'><strong>obsidentes</strong></span> <span class='ocrx_word' id='word_1_213' title='bbox 498 2935 700 3012; x_wconf 79' lang='lat' dir='ltr'><strong>Lemovices,</strong></span> <span class='ocrx_word' id='word_1_214' title='bbox 713 2935 829 3019; x_wconf 87' lang='lat' dir='ltr'><strong>spretis</strong></span> <span class='ocrx_word' id='word_1_215' title='bbox 841 2934 1013 3020; x_wconf 80' lang='lat' dir='ltr'><strong>lachrymis</strong></span> <span class='ocrx_word' id='word_1_216' title='bbox 1023 2945 1055 2998; x_wconf 90' lang='lat' dir='ltr'><strong>et</strong></span> <span class='ocrx_word' id='word_1_217' title='bbox 1066 2935 1301 3020; x_wconf 86' lang='lat' dir='ltr'><strong>supplicatione</strong></span> <span class='ocrx_word' id='word_1_218' title='bbox 1311 2945 1432 3014; x_wconf 88' lang='lat' dir='ltr'><strong>nostra,</strong></span> 
     </span>
     <span class='ocr_line' id='line_1_25' title="bbox 228 3037 1431 3125; baseline -0.002 -21"><span class='ocrx_word' id='word_1_219' title='bbox 228 3041 393 3125; x_wconf 90' lang='lat' dir='ltr'><strong>liquerunt</strong></span> <span class='ocrx_word' id='word_1_220' title='bbox 408 3048 441 3103; x_wconf 93' lang='lat' dir='ltr'><strong>et</strong></span> <span class='ocrx_word' id='word_1_221' title='bbox 462 3038 673 3123; x_wconf 89' lang='lat' dir='ltr'><strong>repatriantes</strong></span> <span class='ocrx_word' id='word_1_222' title='bbox 696 3051 870 3122; x_wconf 86' lang='lat' dir='ltr'><strong>coegerunt</strong></span> <span class='ocrx_word' id='word_1_223' title='bbox 891 3037 1067 3102; x_wconf 88' lang='lat' dir='ltr'><strong>exercitum</strong></span> <span class='ocrx_word' id='word_1_224' title='bbox 1092 3038 1174 3102; x_wconf 90' lang='lat' dir='ltr'><strong>solvi</strong></span> <span class='ocrx_word' id='word_1_225' title='bbox 1192 3039 1355 3122; x_wconf 87' lang='lat' dir='ltr'><strong>paucitate</strong></span> <span class='ocrx_word' id='word_1_226' title='bbox 1380 3059 1431 3102; x_wconf 91' lang='lat' dir='ltr'><strong>re-</strong></span> 
     </span>
     <span class='ocr_line' id='line_1_26' title="bbox 229 3138 1429 3224; baseline -0.003 -17"><span class='ocrx_word' id='word_1_227' title='bbox 229 3141 441 3207; x_wconf 88' lang='lat' dir='ltr'><strong>manentium.</strong></span> <span class='ocrx_word' id='word_1_228' title='bbox 472 3138 723 3204; x_wconf 84' lang='lat' dir='ltr'><strong>confluentibus</strong></span> <span class='ocrx_word' id='word_1_229' title='bbox 738 3148 847 3202; x_wconf 91' lang='lat' dir='ltr'><strong>autem</strong></span> <span class='ocrx_word' id='word_1_230' title='bbox 862 3139 903 3202; x_wconf 90' lang='lat' dir='ltr'><strong>ad</strong></span> <span class='ocrx_word' id='word_1_231' title='bbox 918 3140 1026 3224; x_wconf 91' lang='lat' dir='ltr'><strong>ipsum</strong></span> <span class='ocrx_word' id='word_1_232' title='bbox 1042 3139 1188 3204; x_wconf 87' lang='lat' dir='ltr'><strong>Absalou</strong></span> <span class='ocrx_word' id='word_1_233' title='bbox 1204 3141 1327 3205; x_wconf 89' lang='lat' dir='ltr'><strong>viribus</strong></span> <span class='ocrx_word' id='word_1_234' title='bbox 1343 3140 1429 3204; x_wconf 91' lang='lat' dir='ltr'><strong>orbis</strong></span> 
     </span>
     <span class='ocr_line' id='line_1_27' title="bbox 226 3242 1428 3330; baseline -0.002 -20"><span class='ocrx_word' id='word_1_235' title='bbox 226 3247 401 3330; x_wconf 83' lang='lat' dir='ltr'><strong>inpetrem</strong></span> <span class='ocrx_word' id='word_1_236' title='bbox 426 3266 523 3308; x_wconf 90' lang='lat' dir='ltr'><strong>suum</strong></span> <span class='ocrx_word' id='word_1_237' title='bbox 546 3242 633 3327; x_wconf 89' lang='lat' dir='ltr'><strong>apud</strong></span> <span class='ocrx_word' id='word_1_238' title='bbox 656 3242 845 3306; x_wconf 88' lang='lat' dir='ltr'><strong>Martellum</strong></span> <span class='ocrx_word' id='word_1_239' title='bbox 867 3244 1000 3328; x_wconf 88' lang='lat' dir='ltr'><strong>juravit,</strong></span> <span class='ocrx_word' id='word_1_240' title='bbox 1016 3254 1049 3308; x_wconf 91' lang='lat' dir='ltr'><strong>et</strong></span> <span class='ocrx_word' id='word_1_241' title='bbox 1064 3266 1102 3307; x_wconf 91' lang='lat' dir='ltr'><strong>ea</strong></span> <span class='ocrx_word' id='word_1_242' title='bbox 1125 3244 1177 3308; x_wconf 92' lang='lat' dir='ltr'><strong>die</strong></span> <span class='ocrx_word' id='word_1_243' title='bbox 1193 3266 1364 3328; x_wconf 87' lang='lat' dir='ltr'><strong>percussus</strong></span> <span class='ocrx_word' id='word_1_244' title='bbox 1387 3243 1428 3308; x_wconf 86' lang='lat' dir='ltr'><strong>ab</strong></span> 
     </span>
     <span class='ocr_line' id='line_1_28' title="bbox 227 3342 1427 3431; baseline -0.003 -20"><span class='ocrx_word' id='word_1_245' title='bbox 227 3347 341 3412; x_wconf 87' lang='lat' dir='ltr'><strong>ultrice</strong></span> <span class='ocrx_word' id='word_1_246' title='bbox 361 3345 543 3431; x_wconf 88' lang='lat' dir='ltr'><strong>justissima</strong></span> <span class='ocrx_word' id='word_1_247' title='bbox 558 3344 671 3407; x_wconf 84' lang='lat' dir='ltr'><strong>dextra</strong></span> <span class='ocrx_word' id='word_1_248' title='bbox 697 3342 852 3408; x_wconf 89' lang='lat' dir='ltr'><strong>Martello</strong></span> <span class='ocrx_word' id='word_1_249' title='bbox 878 3344 992 3408; x_wconf 89' lang='lat' dir='ltr'><strong>mortis</strong></span> <span class='ocrx_word' id='word_1_250' title='bbox 1015 3345 1159 3423; x_wconf 90' lang='lat' dir='ltr'><strong>evanuit,</strong></span> <span class='ocrx_word' id='word_1_251' title='bbox 1174 3354 1208 3408; x_wconf 88' lang='lat' dir='ltr'><strong>et</strong></span> <span class='ocrx_word' id='word_1_252' title='bbox 1221 3366 1314 3408; x_wconf 88' lang='lat' dir='ltr'><strong>versa</strong></span> <span class='ocrx_word' id='word_1_253' title='bbox 1329 3345 1427 3408; x_wconf 88' lang='lat' dir='ltr'><strong>estin</strong></span> 
     </span>
     <span class='ocr_line' id='line_1_29' title="bbox 227 3446 1426 3532; baseline -0.002 -18"><span class='ocrx_word' id='word_1_254' title='bbox 227 3450 428 3515; x_wconf 89' lang='lat' dir='ltr'><strong>sedationem</strong></span> <span class='ocrx_word' id='word_1_255' title='bbox 444 3447 582 3527; x_wconf 83' lang='lat' dir='ltr'><strong>sediti03</strong></span> <span class='ocrx_word' id='word_1_256' title='bbox 606 3446 730 3531; x_wconf 88' lang='lat' dir='ltr'><strong>quievit</strong></span> <span class='ocrx_word' id='word_1_257' title='bbox 751 3447 851 3532; x_wconf 87' lang='lat' dir='ltr'><strong>igitur</strong></span> <span class='ocrx_word' id='word_1_258' title='bbox 871 3447 960 3511; x_wconf 90' lang='lat' dir='ltr'><strong>orbis</strong></span> <span class='ocrx_word' id='word_1_259' title='bbox 977 3447 1119 3512; x_wconf 90' lang='lat' dir='ltr'><strong>Phitone</strong></span> <span class='ocrx_word' id='word_1_260' title='bbox 1134 3457 1314 3532; x_wconf 88' lang='lat' dir='ltr'><strong>perempto.</strong></span> <span class='ocrx_word' id='word_1_261' title='bbox 1359 3447 1426 3514; x_wconf 79' lang='lat' dir='ltr'><strong>Qui</strong></span> 
     </span>
     <span class='ocr_line' id='line_1_30' title="bbox 225 3547 1425 3636; baseline -0.003 -20"><span class='ocrx_word' id='word_1_262' title='bbox 225 3575 300 3616; x_wconf 91' lang='lat' dir='ltr'><strong>cum</strong></span> <span class='ocrx_word' id='word_1_263' title='bbox 319 3550 472 3636; x_wconf 86' lang='lat' dir='ltr'><strong>jussisset</strong></span> <span class='ocrx_word' id='word_1_264' title='bbox 493 3570 611 3634; x_wconf 89' lang='lat' dir='ltr'><strong>corpus</strong></span> <span class='ocrx_word' id='word_1_265' title='bbox 635 3570 731 3612; x_wconf 90' lang='lat' dir='ltr'><strong>suum</strong></span> <span class='ocrx_word' id='word_1_266' title='bbox 759 3548 909 3612; x_wconf 83' lang='lat' dir='ltr'><strong>Rotomae</strong></span> <span class='ocrx_word' id='word_1_267' title='bbox 932 3548 1071 3632; x_wconf 87' lang='lat' dir='ltr'><strong>sepeliri,</strong></span> <span class='ocrx_word' id='word_1_268' title='bbox 1095 3547 1240 3611; x_wconf 90' lang='lat' dir='ltr'><strong>ablatum</strong></span> <span class='ocrx_word' id='word_1_269' title='bbox 1264 3557 1314 3612; x_wconf 93' lang='lat' dir='ltr'><strong>est</strong></span> <span class='ocrx_word' id='word_1_270' title='bbox 1336 3549 1425 3612; x_wconf 92' lang='lat' dir='ltr'><strong>etin</strong></span> 
     </span>
     <span class='ocr_line' id='line_1_31' title="bbox 221 3649 1425 3720; baseline -0.004 0"><span class='ocrx_word' id='word_1_271' title='bbox 221 3653 355 3720; x_wconf 87' lang='lat' dir='ltr'><strong>ecclesia</strong></span> <span class='ocrx_word' id='word_1_272' title='bbox 369 3652 472 3716; x_wconf 87' lang='lat' dir='ltr'><strong>sancti</strong></span> <span class='ocrx_word' id='word_1_273' title='bbox 487 3652 509 3716; x_wconf 88' lang='lat' dir='ltr'><strong>J</strong></span> <span class='ocrx_word' id='word_1_274' title='bbox 514 3652 611 3716; x_wconf 86' lang='lat' dir='ltr'><strong>aliani</strong></span> <span class='ocrx_word' id='word_1_275' title='bbox 626 3651 659 3714; x_wconf 89' lang='lat' dir='ltr'><strong>vi</strong></span> <span class='ocrx_word' id='word_1_276' title='bbox 674 3651 843 3715; x_wconf 90' lang='lat' dir='ltr'><strong>detentum</strong></span> <span class='ocrx_word' id='word_1_277' title='bbox 859 3672 878 3712; x_wconf 89' lang='lat' dir='ltr'><strong>a</strong></span> <span class='ocrx_word' id='word_1_278' title='bbox 893 3649 1195 3714; x_wconf 86' lang='lat' dir='ltr'><strong>Cenomanensibus</strong></span> <span class='ocrx_word' id='word_1_279' title='bbox 1208 3661 1241 3714; x_wconf 90' lang='lat' dir='ltr'><strong>et</strong></span> <span class='ocrx_word' id='word_1_280' title='bbox 1255 3650 1301 3714; x_wconf 91' lang='lat' dir='ltr'><strong>ibi</strong></span> <span class='ocrx_word' id='word_1_281' title='bbox 1315 3659 1425 3715; x_wconf 90' lang='lat' dir='ltr'><strong>tumu-</strong></span> 
     </span>
     <span class='ocr_line' id='line_1_32' title="bbox 221 3751 1426 3839; baseline -0.002 -19"><span class='ocrx_word' id='word_1_282' title='bbox 221 3757 323 3822; x_wconf 88' lang='lat' dir='ltr'><strong>latum</strong></span> <span class='ocrx_word' id='word_1_283' title='bbox 335 3781 345 3835; x_wconf 84' lang='lat'><em>3</em></span> <span class='ocrx_word' id='word_1_284' title='bbox 368 3755 426 3819; x_wconf 90' lang='lat' dir='ltr'><strong>sed</strong></span> <span class='ocrx_word' id='word_1_285' title='bbox 440 3754 537 3818; x_wconf 90' lang='lat' dir='ltr'><strong>hodie</strong></span> <span class='ocrx_word' id='word_1_286' title='bbox 555 3753 654 3839; x_wconf 89' lang='lat' dir='ltr'><strong>jussit</strong></span> <span class='ocrx_word' id='word_1_287' title='bbox 679 3774 737 3818; x_wconf 85' lang='lat' dir='ltr'><strong>rex</strong></span> <span class='ocrx_word' id='word_1_288' title='bbox 755 3761 848 3837; x_wconf 88' lang='lat' dir='ltr'><strong>pater</strong></span> <span class='ocrx_word' id='word_1_289' title='bbox 869 3753 938 3836; x_wconf 84' lang='lat' dir='ltr'><strong>ejus</strong></span> <span class='ocrx_word' id='word_1_290' title='bbox 963 3752 1044 3816; x_wconf 88' lang='lat' dir='ltr'><strong>illud</strong></span> <span class='ocrx_word' id='word_1_291' title='bbox 1073 3751 1149 3817; x_wconf 91' lang='lat' dir='ltr'><strong>inde</strong></span> <span class='ocrx_word' id='word_1_292' title='bbox 1172 3754 1346 3817; x_wconf 85' lang='lat' dir='ltr'><strong>Rotomam</strong></span> <span class='ocrx_word' id='word_1_293' title='bbox 1370 3753 1426 3818; x_wconf 92' lang='lat' dir='ltr'><strong>de·</strong></span> 
     </span>
     <span class='ocr_line' id='line_1_33' title="bbox 222 3853 1427 3944; baseline -0.002 -22"><span class='ocrx_word' id='word_1_294' title='bbox 222 3858 307 3938; x_wconf 89' lang='lat' dir='ltr'><strong>ferri,</strong></span> <span class='ocrx_word' id='word_1_295' title='bbox 323 3857 474 3944; x_wconf 91' lang='lat' dir='ltr'><strong>quatinus</strong></span> <span class='ocrx_word' id='word_1_296' title='bbox 499 3856 543 3920; x_wconf 94' lang='lat' dir='ltr'><strong>ibi</strong></span> <span class='ocrx_word' id='word_1_297' title='bbox 568 3858 610 3921; x_wconf 92' lang='lat' dir='ltr'><strong>sit</strong></span> <span class='ocrx_word' id='word_1_298' title='bbox 633 3857 702 3941; x_wconf 89' lang='lat' dir='ltr'><strong>ejus</strong></span> <span class='ocrx_word' id='word_1_299' title='bbox 723 3855 756 3917; x_wconf 95' lang='lat' dir='ltr'><strong>in</strong></span> <span class='ocrx_word' id='word_1_300' title='bbox 779 3864 974 3940; x_wconf 90' lang='lat' dir='ltr'><strong>perpetuum</strong></span> <span class='ocrx_word' id='word_1_301' title='bbox 994 3853 1149 3918; x_wconf 90' lang='lat' dir='ltr'><strong>memoria</strong></span> <span class='ocrx_word' id='word_1_302' title='bbox 1170 3853 1230 3917; x_wconf 88' lang='lat' dir='ltr'><strong>viri</strong></span> <span class='ocrx_word' id='word_1_303' title='bbox 1252 3855 1371 3919; x_wconf 88' lang='lat' dir='ltr'><strong>favoris</strong></span> <span class='ocrx_word' id='word_1_304' title='bbox 1393 3865 1427 3921; x_wconf 91' lang='lat' dir='ltr'><strong>et</strong></span> 
     </span>
     <span class='ocr_line' id='line_1_34' title="bbox 221 3957 1426 4046; baseline 0 -22"><span class='ocrx_word' id='word_1_305' title='bbox 221 3961 396 4046; x_wconf 85' lang='lat' dir='ltr'><strong>gratiarum</strong></span> <span class='ocrx_word' id='word_1_306' title='bbox 411 3960 509 4046; x_wconf 91' lang='lat' dir='ltr'><strong>pleni.</strong></span> <span class='ocrx_word' id='word_1_307' title='bbox 557 3959 624 4026; x_wconf 76' lang='lat' dir='ltr'><strong>Qui</strong></span> <span class='ocrx_word' id='word_1_308' title='bbox 636 3958 723 4044; x_wconf 91' lang='lat' dir='ltr'><strong>quod</strong></span> <span class='ocrx_word' id='word_1_309' title='bbox 739 3959 840 4036; x_wconf 90' lang='lat' dir='ltr'><strong>dives,</strong></span> <span class='ocrx_word' id='word_1_310' title='bbox 856 3957 944 4044; x_wconf 94' lang='lat' dir='ltr'><strong>quod</strong></span> <span class='ocrx_word' id='word_1_311' title='bbox 965 3979 1152 4041; x_wconf 87' lang='lat' dir='ltr'><strong>generosus,</strong></span> <span class='ocrx_word' id='word_1_312' title='bbox 1167 3957 1254 4044; x_wconf 93' lang='lat' dir='ltr'><strong>quod</strong></span> <span class='ocrx_word' id='word_1_313' title='bbox 1269 3959 1426 4041; x_wconf 88' lang='lat' dir='ltr'><strong>amabilis,</strong></span> 
     </span>
     <span class='ocr_line' id='line_1_35' title="bbox 224 4058 1426 4150; baseline -0.002 -22"><span class='ocrx_word' id='word_1_314' title='bbox 224 4063 311 4150; x_wconf 93' lang='lat' dir='ltr'><strong>quod</strong></span> <span class='ocrx_word' id='word_1_315' title='bbox 334 4063 504 4142; x_wconf 89' lang='lat' dir='ltr'><strong>facundus,</strong></span> <span class='ocrx_word' id='word_1_316' title='bbox 528 4061 615 4146; x_wconf 92' lang='lat' dir='ltr'><strong>quod</strong></span> <span class='ocrx_word' id='word_1_317' title='bbox 641 4060 785 4146; x_wconf 87' lang='lat' dir='ltr'><strong>pulcher,</strong></span> <span class='ocrx_word' id='word_1_318' title='bbox 812 4058 898 4144; x_wconf 90' lang='lat' dir='ltr'><strong>quod</strong></span> <span class='ocrx_word' id='word_1_319' title='bbox 923 4067 1087 4138; x_wconf 88' lang='lat' dir='ltr'><strong>strenuus,</strong></span> <span class='ocrx_word' id='word_1_320' title='bbox 1116 4060 1204 4145; x_wconf 91' lang='lat' dir='ltr'><strong>quod</strong></span> <span class='ocrx_word' id='word_1_321' title='bbox 1230 4061 1426 4128; x_wconf 88' lang='lat' dir='ltr'><strong>omnimodis</strong></span> 
     </span>
    </p>
   </div>
   <div class='ocr_carea' id='block_1_3' title="bbox 0 0 1808 4862">
    <p class='ocr_par' dir='ltr' id='par_1_3' title="bbox 0 0 1808 4862">
     <span class='ocr_line' id='line_1_36' title="bbox 0 0 1808 4862; baseline 0 14"><span class='ocrx_word' id='word_1_322' title='bbox 0 0 1808 4862; x_wconf 95' lang='lat' dir='ltr'><strong> </strong></span> 
     </span>
    </p>
   </div>
  </div>
 </body>
</html>
