3610 4852
405 539 466 598 166
836 549 1024 594 cusanam
1049 549 1170 593 maras
1403 549 1525 612 [Dusae.
1541 551 1587 600 w.

402 732 436 785 et
457 722 637 786 secundum
660 719 838 798 scientiam,
861 719 918 804 qui
940 717 1171 803 praecipitatam
1194 715 1360 781 indiscreti
1384 716 1548 800 pontificis
1570 728 1603 782 et

400 822 546 886 iracundi
562 830 694 886 secutus
710 830 761 886 eat
776 821 980 885 sententiam.
1028 819 1094 885 Qui
1108 827 1220 903 pastor
1235 818 1320 882 ovile
1335 827 1432 902 negat
1447 818 1500 882 ovi
1514 821 1604 884 veni-

400 923 469 990 enti
492 923 532 986 de
547 923 686 1001 deserto,
702 945 769 986 non
792 922 895 1007 aperit
916 930 1089 1004 antequam
1111 919 1254 983 balatum
1277 919 1398 998 audmt,
1420 942 1488 984 non
1510 943 1602 985 suam

402 1027 491 1104 dicit,
507 1026 674 1110 cognoscit
697 1047 769 1090 eam
784 1035 819 1090 et
840 1047 907 1089 non
929 1023 1079 1108 ignoscit,
1094 1024 1195 1087 immo
1217 1023 1381 1108 repulsam
1402 1045 1473 1087 eam
1490 1025 1601 1089 antici-

400 1133 477 1215 pat?
523 1130 662 1213 Prodigo
684 1138 777 1214 pater
799 1127 939 1194 occurrit
959 1126 1038 1205 filio,
1065 1126 1240 1190 clementer
1263 1125 1470 1209 amplectitur
1494 1138 1529 1191 et
1550 1150 1602 1192 ac-

400 1243 518 1317 ceptat,
532 1233 614 1296 stola
628 1231 733 1316 prima
744 1231 843 1296 vestit
855 1240 888 1294 et
898 1229 1001 1294 vitulo
1014 1228 1159 1313 saginato
1172 1227 1277 1292 satiat.
1310 1229 1434 1292 Durius
1445 1228 1498 1293 hic
1509 1240 1601 1314 pater

399 1337 583 1399 venientem
607 1334 738 1419 repulit,
756 1333 881 1418 petenti
904 1353 1022 1418 panem
1048 1331 1161 1417 objicit
1183 1331 1335 1416 lapidem,
1352 1353 1450 1395 ovum
1474 1333 1599 1417 roganti

399 1439 456 1503 dat
485 1438 710 1523 scorpionem3
741 1459 808 1500 non
836 1435 938 1521 patris
964 1434 1107 1513 verbera,
1132 1456 1197 1500 uon
1229 1434 1340 1500 matris
1363 1434 1473 1514 ubera,
1495 1435 1599 1500 vitrici

398 1541 551 1626 gladium,
566 1561 714 1606 novercae
728 1561 891 1604 venenum
906 1538 1037 1626 bajulat.

441 1766 492 1828 De
506 1765 639 1846 quodam
654 1765 804 1828 morracio
830 1764 1028 1827 Cluniacenai
1043 1770 1153 1827 contra
1166 1771 1274 1827 uotum
1288 1783 1377 1826 suurn
1391 1765 1427 1827 in
1442 1767 1556 1828 casim

871 1869 1032 1932 militanti.
1069 1865 1123 1929 vii.

442 2003 552 2071 Queri
568 2003 667 2068 etiarn
681 2011 791 2087 potest
806 2002 846 2066 de
869 2002 971 2066 salute
997 2001 1147 2066 monachi
1164 2001 1419 2080 cluniacensia*
1442 2003 1499 2088 qui
1522 2026 1594 2068 cum

397 2129 432 2172 se
447 2107 492 2170 ibi
514 2106 633 2172 relictis
652 2106 764 2170 multis
787 2106 926 2170 castellis
946 2114 979 2169 et
1001 2104 1117 2190 opibus
1138 2103 1273 2169 infinitis
1295 2104 1500 2186 reddidisset,
1522 2115 1596 2192 post

396 2231 517 2296 paucos
533 2232 637 2274 annos
652 2232 671 2272 a
685 2209 759 2274 filiis
782 2219 816 2273 et
840 2209 991 2273 omnibus
1015 2231 1082 2273 suae
1105 2217 1199 2272 terrae
1220 2207 1431 2292 optimatibus
1453 2209 1494 2272 ad
1517 2211 1596 2294 regi·

395 2334 470 2376 men
485 2311 603 2376 relictae
619 2311 751 2376 ditionis
774 2311 941 2396 repetitur,
964 2311 1116 2396 quatinus
1139 2311 1261 2376 scilicet
1281 2311 1394 2376 habitu
1410 2322 1536 2377 retento
1555 2315 1595 2377 ad

394 2417 633 2502 expeditionem
646 2439 758 2480 eorum
770 2425 804 2480 et
815 2416 985 2480 consilium
997 2414 1030 2479 in
1043 2415 1156 2480 castris
1169 2416 1294 2494 militet,
1305 2425 1338 2479 et
1349 2415 1460 2479 multis
1471 2416 1595 2502 lachry-

393 2542 518 2582 marum
534 2520 697 2584 instantiis
713 2519 887 2603 optinetur,
898 2528 931 2582 et
945 2518 986 2582 ab
998 2517 1114 2583 abbate
1126 2518 1308 2583 dimittitur.
1353 2519 1451 2582 Exire
1462 2519 1594 2604 jubetur

393 2621 455 2684 sub
470 2644 631 2687 armorum
647 2623 830 2700 interdicto,
844 2621 1005 2706 rebusque
1027 2621 1208 2686 reformatis
1231 2620 1272 2685 ad
1291 2643 1405 2706 pacem
1429 2623 1469 2685 ad
1492 2622 1593 2708 poeni-

389 2725 523 2788 tentiam
538 2725 665 2791 reverti.
711 2727 874 2810 Receptus
889 2725 986 2809 igitur
1000 2724 1034 2788 in
1050 2725 1162 2788 castris
1184 2724 1420 2788 formidabilem
1442 2724 1590 2789 hostibus

388 2849 550 2890 rumorem
566 2827 652 2905 tulit,
667 2838 735 2892 erat
750 2828 836 2891 enim
851 2828 901 2890 vir
916 2827 1022 2912 magni
1038 2827 1163 2892 consilii
1178 2837 1211 2893 et
1226 2828 1387 2892 acerrimae
1408 2827 1589 2913 probitatis.

393 2929 588 2993 Convocatis
609 2951 684 3013 ergo
706 2929 773 2993 suis
797 2939 831 2994 et
850 2931 962 2995 alienis
983 2952 1193 3016 quoscunque
1214 2931 1332 3015 potuit,
1350 2931 1385 2993 in
1407 2931 1545 2994 latentes
1561 2939 1592 2994 et

390 3033 615 3117 praestolantes
639 3033 717 3117 quid
741 3033 808 3113 fiat,
832 3034 980 3119 insurgit,
1005 3035 1188 3120 rapidisque
1213 3033 1290 3098 furit
1313 3034 1347 3098 in
1362 3035 1474 3098 hostes
1490 3036 1591 3118 irrup-

392 3135 546 3214 tionibus,
561 3136 746 3220 frequenter
760 3136 864 3200 assilit
879 3138 956 3200 etin
970 3137 1124 3200 instantia
1136 3137 1288 3221 perdurat
1302 3137 1438 3215 fortiter,
1453 3137 1540 3200 unde
1555 3137 1592 3200 fit

390 3249 428 3302 ut
451 3260 536 3320 saepe
559 3238 708 3303 conficiat
730 3261 811 3324 quos
832 3239 973 3324 impares
995 3241 1138 3304 inveniat
1161 3241 1288 3304 astutiae
1310 3241 1361 3303 vel
1383 3239 1590 3304 fortitudinis.

392 3340 501 3406 lndies
518 3341 748 3406 convalescunt
774 3363 813 3404 ex
838 3341 1010 3406 afflictione
1025 3364 1107 3426 quos
1126 3341 1196 3427 ipse
1220 3351 1340 3420 tuetur,
1362 3351 1399 3405 ut
1423 3342 1510 3405 illam
1533 3362 1590 3426 pro

389 3442 588 3508 beatitudine
615 3467 822 3508 successuum
856 3466 970 3529 pacem
994 3452 1027 3506 et
1051 3443 1256 3508 concordiam
1281 3443 1417 3508 timeant
1446 3444 1590 3508 hostium

389 3569 485 3631 quam
508 3546 542 3610 in
561 3547 632 3631 ejus
655 3547 838 3631 optaverint
858 3547 1010 3609 adventu.
1056 3546 1222 3610 Confectis
1244 3547 1376 3610 tandem
1391 3546 1544 3611 omnibus
1558 3557 1591 3612 et

389 3649 428 3712 ad
441 3651 556 3734 jugum
581 3651 647 3714 fere
671 3651 790 3714 coactis
811 3649 961 3729 inimicis,
976 3651 1010 3712 in
1034 3648 1109 3713 dolo
1132 3660 1249 3734 petunt
1265 3649 1421 3714 inducias.
1466 3651 1592 3716 Annuit

387 3752 452 3830 ille,
475 3753 662 3836 juratasque
686 3752 787 3815 donat
809 3761 842 3814 et
857 3751 1002 3836 suscipit.
1052 3752 1284 3816 Verumtamen
1299 3753 1345 3815 illi
1369 3753 1453 3816 diem
1469 3774 1589 3838 pracve-

388 3866 507 3919 nerunt
529 3855 742 3932 induciamm,
757 3853 892 3917 collecto
908 3854 989 3917 clam
1013 3865 1262 3940 quantocunque
1284 3865 1423 3939 possunt
1438 3856 1590 3930 exercitu,

420 4039 435 4066 ¹*
451 4037 512 4084 This
523 4038 544 4084 is
555 4038 597 4085 the
608 4053 675 4085 same
687 4044 755 4099 story
766 4037 846 4084 which
861 4037 905 4086 has
922 4038 983 4086 been
1000 4037 1099 4100 already
1110 4038 1210 4095 related,
1223 4037 1316 4100 though
1333 4054 1348 4086 a
1362 4039 1426 4088 little
1442 4039 1589 4102 differently,

387 4117 413 4164 in
426 4117 532 4166 Distinc.
548 4119 569 4166 l.
582 4135 604 4166 c.
619 4120 657 4166 14.
