3608 4862
383 527 425 602 76
816 541 1003 588 cuanrnar
1020 541 1142 587 naras
1398 539 1518 604 [unane.
1530 542 1568 592 11.

383 697 442 762 bat
466 695 609 782 aliosque
635 695 841 782 quamplures
866 696 1043 760 inforcats
1076 717 1147 781 quoe
1172 692 1269 758 Dena
1297 691 1423 771 dieitur,
1451 715 1519 757 non
1544 713 1585 759 ex

385 799 599 864 decimatione
610 799 726 886 aliqua,
742 799 800 864 sed
814 799 946 864 nomine
961 798 1103 885 proprio,
1119 797 1255 883 quinon
1272 817 1312 860 ex
1328 795 1462 862 coneilio
1479 796 1585 862 Heliae

386 904 443 968 sed
459 925 518 968 suo
534 903 683 968 animalia
706 904 741 968 in
763 904 892 990 pascuis
917 925 988 989 quae
1009 903 1055 967 ibi
1070 903 1238 966 abundant
1258 900 1423 965 habebant
1437 900 1585 986 plurima.

385 1005 533 1092 Contigit
547 1016 659 1071 autem
673 1029 789 1094 equam
807 1007 968 1092 quandam
984 1029 1025 1072 ex
1039 1006 1102 1070 illis
1123 1004 1248 1084 abessa,
1263 1005 1432 1090 quaesitam
1447 1004 1503 1068 diu
1518 1026 1585 1068 non

385 1110 517 1190 adesse;
543 1111 649 1176 delata
668 1122 719 1176 est
732 1111 808 1176 inde
828 1110 869 1174 ad
884 1132 959 1174 eum
980 1109 1020 1174 ab
1046 1109 1127 1195 ipsis
1149 1108 1288 1195 querela,
1311 1107 1367 1192 qui
1382 1109 1438 1187 ait,
1463 1112 1485 1146 “
1498 1107 1586 1172 Hinc

386 1212 427 1276 ad
442 1215 611 1279 Austeline
626 1213 762 1279 abduxit
776 1237 847 1279 eam
868 1213 1026 1278 Ricardus
1040 1212 1179 1298 portitor
1193 1211 1305 1276 multis
1319 1210 1436 1296 vigiliis
1451 1221 1485 1275 et
1498 1209 1587 1274 labo·

385 1316 476 1381 ribus
485 1318 667 1382 anhelatum
673 1343 683 1399 3
695 1317 983 1384 invenietisautem
992 1338 1062 1380 eam
1072 1316 1106 1382 in
1117 1315 1245 1404 tugurio
1251 1313 1587 1400 juxtaportamejus,”

385 1421 617 1507 proferensque
633 1422 723 1487 dedit
737 1421 783 1486 eis
793 1429 931 1507 quatuor
943 1419 1092 1485 denarios
1106 1420 1227 1498 dicens,
1243 1422 1264 1454 “
1273 1420 1359 1482 Date
1368 1417 1398 1482 ei
1407 1440 1467 1502 pro
1478 1416 1587 1482 labore

384 1522 474 1602 furti,
490 1546 531 1588 ne
546 1524 750 1589 defraudeter
765 1524 930 1610 operarius
946 1523 1093 1588 mercede
1116 1522 1208 1587 sua.”
1253 1522 1453 1607 Factumque
1468 1531 1519 1585 est
1532 1520 1588 1600 ita,

387 1633 421 1689 et
436 1627 516 1690 mihi
531 1636 644 1691 contra
657 1627 827 1692 inventum
843 1628 930 1692 hunc
945 1648 1042 1691 nemo
1057 1625 1192 1711 ambigit
1205 1625 1241 1690 in
1256 1626 1318 1690 hoc
1333 1624 1434 1690 irrisae
1449 1624 1588 1710 prophe-

386 1736 465 1792 tam.
510 1729 576 1794 Hic
587 1730 656 1815 jam
679 1731 714 1795 in
736 1733 803 1795 fata
818 1730 990 1809 concessit,
1003 1738 1038 1794 et
1057 1752 1133 1795 cum
1147 1730 1219 1816 ipso
1234 1737 1286 1794 est
1305 1728 1358 1794 cui
1372 1729 1518 1810 credidit,
1533 1727 1588 1814 qui

387 1850 448 1915 pro
463 1830 559 1896 nobis
574 1834 778 1920 propitietur.

694 2057 696 2060 ’
729 2059 783 2124 De
801 2059 921 2124 Ccdoco
935 2079 1009 2142 repe
1031 2061 1176 2123 Wulensr'.
1221 2080 1253 2123 x.

433 2209 594 2291 Cadocus,
613 2211 741 2277 Walliae
763 2235 831 2292 rex,
856 2213 980 2277 audivit
1003 2213 1185 2278 Dominur'n
1205 2213 1377 2291 dicentem,
1400 2213 1499 2278 “Qui
1522 2233 1587 2275 non

386 2313 551 2399 reliquerit
566 2317 673 2380 omnia
689 2326 823 2402 propter
838 2339 890 2380 me
905 2339 972 2381 non
987 2327 1038 2381 est
1053 2338 1105 2381 ma
1116 2317 1267 2402 dignus,''
1291 2327 1324 2380 et
1344 2316 1463 2380 relictis
1484 2315 1587 2380 omni·

387 2415 450 2482 bus
465 2419 498 2483 in
514 2441 622 2485 eremo
639 2420 800 2484 solitarius
823 2420 933 2484 labore
950 2443 1105 2484 manuum
1130 2442 1261 2484 suarum
1279 2431 1313 2485 et
1339 2420 1456 2484 sudore
1480 2419 1589 2484 vultus

388 2522 439 2585 sui
452 2545 570 2608 panem
587 2524 759 2610 quaesitum
770 2525 914 2609 jocunda
928 2535 962 2589 et
978 2523 1099 2588 salubri
1114 2523 1286 2590 devotione
1302 2525 1453 2589 comedit.
1499 2523 1588 2588 Con·

387 2625 461 2710 tigit
475 2637 582 2692 autem
598 2636 676 2713 post
697 2627 821 2712 aliquot
843 2627 912 2694 dies
927 2638 961 2692 et
983 2649 1097 2707 annos,
1119 2629 1207 2714 quod
1222 2649 1390 2693 successor
1405 2629 1487 2713 ejus,
1502 2637 1587 2692 sorte

389 2728 511 2793 scilicet
532 2730 665 2809 electus,
686 2730 806 2794 faciens
829 2729 906 2795 illuc
927 2731 988 2795 iter
1010 2731 1051 2794 ad
1073 2753 1149 2800 eum
1170 2732 1315 2796 mitteret
1336 2741 1375 2796 ut
1388 2753 1508 2824 panem
1527 2729 1588 2794 sibi

388 2830 611 2918 militibusque
635 2833 702 2896 suis
726 2832 895 2917 acciperet,
922 2834 979 2919 qui
1005 2835 1177 2920 respondit
1201 2856 1236 2899 se
1259 2835 1424 2900 modicum
1448 2844 1481 2900 et
1503 2833 1588 2919 quod

389 2933 489 2996 tantis
504 2956 571 2998 non
588 2935 747 2999 sufficeret
763 2934 891 3015 habere,
908 2937 936 3000 si
949 2948 1060 3002 tamen
1075 2960 1134 3027 pro
1149 2939 1222 3004 Deo
1237 2949 1363 3030 peteret
1378 2960 1412 3004 se
1428 2939 1588 3002 daturum.

391 3036 531 3101 Remisit
550 3048 659 3102 autem
675 3039 805 3103 adeum
825 3039 947 3120 dicens,
970 3040 1038 3104 “Si
1059 3042 1194 3121 miserit,
1209 3043 1361 3127 recipiam
1371 3068 1380 3122 3
1405 3043 1456 3106 sin
1471 3051 1589 3121 autem,

390 3139 593 3206 mansionem
608 3143 678 3226 ejus
694 3152 727 3207 et
741 3164 857 3228 panem
870 3165 966 3206 suum
982 3154 1016 3208 et
1029 3144 1138 3230 ipsum
1152 3145 1283 3210 flamma
1298 3145 1498 3210 comburet.''
1528 3143 1592 3209 Cui

392 3241 552 3324 Cadocus,
580 3245 701 3310 “Malo
722 3246 793 3331 ipse
815 3268 934 3332 panem
960 3246 1087 3326 habeat,
1111 3271 1207 3333 quam
1233 3250 1330 3314 simul
1355 3248 1592 3328 comburamur,

392 3347 450 3412 sed
474 3348 634 3416 maledicti
661 3350 717 3436 qui
742 3350 973 3414 comederint?
1018 3350 1275 3418 comedentibus
1289 3345 1398 3417 autem
1420 3353 1495 3431 illis,
1517 3375 1592 3418 aua-

392 3452 503 3516 thema
518 3452 694 3518 scientibus
723 3475 783 3518 nec
802 3453 1022 3542 procantibus,
1037 3455 1129 3519 miles
1152 3457 1283 3541 quidam
1308 3457 1429 3520 Iltutus
1450 3457 1592 3536 nomine,

393 3566 482 3620 stans
498 3556 532 3619 in
547 3557 654 3621 medio
677 3577 801 3637 eorum,
823 3556 980 3620 abstinuit
1002 3567 1036 3621 et
1058 3559 1220 3624 dissuasit.
1265 3563 1311 3624 At
1330 3559 1375 3624 illi
1391 3559 1546 3624 obstinati
1560 3571 1593 3625 et

392 3658 576 3724 deridentes
604 3682 681 3726 eum
710 3669 855 3724 caumate
881 3660 1026 3745 absorpti
1055 3662 1240 3746 perierunt3
1280 3671 1365 3727 terra
1392 3673 1501 3726 autem
1532 3663 1592 3728 sub

390 3763 528 3848 pedibus
545 3763 638 3828 Iltuti
653 3763 783 3844 mansit,
798 3774 832 3829 et
847 3763 990 3830 salvatus
1005 3775 1066 3829 est.
1112 3766 1195 3831 Haec
1210 3766 1250 3831 de
1267 3766 1397 3832 Gadoco
1413 3765 1548 3830 Brenin.
