3608 4862
359 499 402 556 84
795 505 982 550 ouanrnnr
1007 505 1127 548 uanus
1359 503 1480 567 [Dianae.
1493 505 1531 555 11.

360 661 494 727 inferius
503 686 513 741 3
522 660 576 725 hio
586 659 626 724 ad
636 658 832 744 quaestiones
844 658 915 743 ejus
926 657 1086 742 mum'tum
1095 677 1154 742 pro
1163 655 1271 721 verbis
1280 655 1392 736 edidit,
1400 677 1563 740 manuque

361 763 542 830 doctrinam
564 762 626 827 riae
651 761 738 828 feeit.
790 761 870 825 Post
894 760 982 824 hune
997 780 1032 823 se
1052 758 1114 823 sibi
1137 759 1322 824 ultroneum
1344 757 1464 823 obtulit
1477 756 1563 822 aliud

362 866 525 953 quoddam
540 865 678 952 pedibus
694 864 844 951 caprinis,
858 873 971 928 ventre
986 862 1127 948 hispido,
1150 861 1319 926 nebridem
1342 860 1466 926 habens
1490 883 1565 947 peo-

362 983 434 1036 tore
466 970 567 1034 stellis
597 969 769 1048 stellatam,
800 967 881 1032 faeie
922 966 1057 1045 ardenti,
1089 975 1200 1030 mento
1231 963 1377 1044 barbato,
1411 963 1563 1030 cornibus

363 1073 499 1154 erectis,
519 1071 709 1158 hujusmodi
723 1081 832 1136 autam
849 1070 937 1134 Pana
960 1068 1073 1134 dieunt
1095 1068 1231 1154 antiqui,
1248 1078 1441 1152 portantem
1465 1069 1564 1134 inter-

363 1185 509 1263 pretatur
530 1197 639 1255 omne,
664 1175 752 1240 unde
776 1174 877 1240 totius
900 1174 936 1238 in
959 1195 994 1238 se
1019 1173 1133 1238 mundi
1152 1173 1289 1236 formam
1303 1171 1422 1237 habere
1437 1171 1564 1238 dieitur.

365 1281 432 1344 Ilio
445 1278 553 1344 verbis
569 1278 715 1344 diseretis
729 1277 816 1342 viam
831 1275 952 1356 doouit,
967 1275 1186 1361 quaesitusque
1198 1275 1271 1360 quis
1286 1283 1383 1354 esset,
1396 1275 1565 1360 respondit

364 1405 400 1448 se
412 1385 598 1470 angelorum
609 1405 713 1448 unum
725 1381 780 1468 qui
791 1381 885 1467 ejecti
897 1402 972 1445 cum
983 1380 1134 1445 Lucifero
1146 1379 1282 1466 dispersi
1295 1388 1373 1444 sunt
1383 1400 1441 1464 per
1452 1378 1563 1444 orbem

364 1487 484 1572 singuli
499 1487 679 1552 seeundum
693 1484 808 1550 merita
823 1482 983 1570 superbiae
998 1484 1096 1548 sum*

639 1661 720 1724 Item
735 1658 773 1720 de
787 1656 901 1722 eisdem
915 1655 1176 1742 apparitionibus.
1219 1654 1287 1722 xvi.

408 1795 568 1880 Nunquid
583 1817 650 1860 non
665 1805 698 1860 et
712 1795 775 1860 hoo
789 1795 949 1858 fantasma
963 1805 1022 1858 est.
1066 1792 1166 1879 Apud
1189 1793 1360 1857 Loyanum
1375 1791 1409 1855 in
1425 1793 1566 1858 marchia

365 1897 636 1982 Lotharingarum
659 1907 693 1962 et
710 1897 881 1974 Flandriae,
900 1898 935 1960 in
949 1898 1021 1961 loco
1037 1897 1092 1982 qui
1107 1896 1353 1962 Lata-Quercus
1368 1895 1496 1976 dieitur,
1510 1897 1566 1961 ad-

364 2011 521 2066 venerant
535 2012 572 2066 ut
586 2001 692 2067 adhue
708 2002 815 2065 solent
829 2001 932 2064 multa
946 2000 1086 2064 militum
1103 1999 1190 2064 milia
1204 2009 1242 2063 ut
1262 2021 1351 2064 more
1372 2021 1432 2064 suo
1452 2001 1566 2064 armati

364 2105 575 2182 oolluderent,
599 2127 695 2191 quem
718 2105 833 2168 ludum
852 2103 1105 2169 tomiamentum
1129 2113 1257 2183 vocant,
1281 2104 1337 2188 qui
1359 2103 1478 2168 rectius
1499 2113 1565 2168 tor·

365 2222 513 2274 mentum
524 2209 674 2284 dicitur.†
713 2208 881 2273 Insidebat
895 2219 1004 2272 autem
1016 2207 1108 2271 miles
1121 2207 1251 2292 quidam
1270 2218 1344 2271 ante
1356 2229 1563 2293 congressum

365 2335 449 2399 equo
473 2313 635 2392 maxim03
658 2322 727 2376 erat
749 2320 857 2376 autem
880 2311 951 2397 ipse
965 2312 1099 2397 pulchra
1114 2321 1246 2392 statura,
1262 2311 1426 2397 aliquanto
1442 2313 1564 2378 medio-

400 2518 413 2548 ³
432 2516 458 2572 lt
467 2531 658 2566 waaaoommon
665 2517 751 2565 article
760 2515 789 2566 oi
797 2515 840 2564 the
847 2515 951 2578 popular
983 2513 1031 2562 evil
1041 2515 1068 2562 in
1080 2513 1162 2570 leudal
1178 2514 1259 2572 times,
1272 2519 1318 2563 not
1329 2514 1387 2577 only
1397 2513 1462 2564 irom
1473 2516 1516 2565 the
1527 2533 1566 2566 ae·

365 2597 442 2647 belief
457 2599 511 2648 that
528 2613 543 2648 a
559 2598 658 2661 portion
676 2597 704 2646 oi
719 2599 762 2646 the
778 2597 852 2648 fallen
868 2597 951 2659 angele
984 2596 1078 2644 eidents
1088 2597 1137 2644 and
1149 2596 1320 2646 disturbantes
1331 2597 1411 2645 which
1428 2597 1567 2662 frequently

365 2679 465 2732 eander
480 2681 507 2728 in
530 2681 573 2728 the
589 2681 625 2728 air
641 2679 690 2728 and
708 2679 777 2728 earth
799 2679 848 2727 and
865 2685 950 2738 water,
984 2677 1100 2726 attended
1122 2678 1200 2736 them,
1223 2678 1269 2726 but
1291 2678 1354 2727 irom
1377 2678 1419 2728 the
1441 2681 1566 2728 extensive

366 2762 415 2808 and
426 2761 481 2809 that
492 2761 551 2823 they
563 2759 684 2823 appeared
694 2766 721 2808 to
734 2760 851 2808 mankind
867 2761 892 2808 in
909 2761 952 2808 the
984 2759 1054 2808 lende
1066 2760 1145 2809 which
1157 2775 1226 2810 aroae
1238 2765 1282 2809 out
1293 2761 1322 2809 oi
1332 2761 1408 2809 them.
1444 2761 1568 2826 Frequent

367 2841 803 2905 abapeoiiairies‚hobgoblins,&o.
837 2841 952 2890 Giraldna
984 2845 1175 2904 attemptaverit
1191 2841 1262 2890 made
1278 2847 1305 2890 to
1320 2857 1435 2906 suppreea
1452 2845 1500 2892 aad
1516 2845 1566 2892 dia-

367 2922 533 2980 Cambreneis,
546 2923 607 2971 ltin.
619 2922 704 2971 Camb.
718 2922 762 2970 lib.
774 2923 948 2984 i.e.12,giree
984 2937 1089 2985 oourage
1101 2923 1178 2980 thern,
1190 2923 1252 2972 both
1262 2923 1295 2987 by
1312 2924 1355 2974 the
1373 2939 1453 2973 crorm
1469 2925 1517 2974 and
1534 2926 1567 2988 by

367 3006 492 3054 acurious
504 3010 571 3068 story
582 3004 728 3058 illustrative
746 3004 775 3053 oi
790 3005 841 3052 thia
852 3005 947 3058 notion.
982 3005 1024 3054 the
1032 3006 1134 3063 ahareh,
1143 3007 1191 3054 aud
1199 3007 1288 3069 Mapee
1296 3007 1354 3056 here
1363 3009 1420 3070 only
1427 3008 1515 3071 speaks
1524 3009 1566 3057 the

368 3085 394 3140 lt
404 3101 453 3134 was
464 3102 491 3135 aa
502 3086 545 3138 old
554 3101 581 3134 aa
592 3085 635 3134 the
646 3085 819 3148 Angla-Saron
831 3102 884 3149 age,
902 3086 951 3135 and
983 3088 1085 3150 opinion
1094 3087 1122 3135 oi
1128 3087 1297 3137 thewiseatoi
1303 3089 1341 3137 his
1350 3091 1565 3154 contemporaries.

368 3183 455 3216 occurs
467 3169 493 3215 in
505 3167 548 3216 the
560 3168 672 3230 dialogue
682 3167 792 3216 between
804 3167 894 3216 Saturn
902 3169 951 3217 and
984 3168 1040 3217 One
1058 3169 1143 3217 article
1154 3169 1183 3217 oi
1198 3168 1241 3217 the
1252 3169 1359 3218 Decreea
1371 3171 1400 3218 oi
1414 3171 1481 3234 Pope
1492 3171 1565 3219 Alex·

369 3249 487 3298 Salomon
496 3248 626 3314 (Thorpeb
636 3249 761 3308 Analecta,
769 3265 794 3312 p.
803 3249 856 3314 98.)
865 3253 882 3278 “
889 3251 952 3312 Saga
984 3250 1061 3298 ander
1068 3250 1120 3299 111.
1130 3250 1259 3312 published
1267 3251 1293 3297 in
1304 3253 1366 3303 1179
1373 3267 1450 3300 ranas
1458 3253 1566 3302 iollover

367 3345 408 3379 me
425 3331 518 3380 hrrider
533 3332 652 3394 ge-ariton
668 3331 697 3387 be
716 3332 814 3394 engela-a
835 3333 864 3388 be
882 3331 952 3382 Goda
985 3335 1002 3361 ⁴¹
1014 3331 1101 3381 Felicis
1113 3333 1238 3381 memoriae
1249 3348 1318 3396 papa
1333 3333 1471 3382 Innocentii
1480 3340 1505 3382 et
1515 3334 1566 3382 llu-

367 3409 494 3461 witstcon
511 3427 544 3462 on
561 3412 668 3460 beoiona
686 3411 755 3461 rice?
791 3413 819 3463 le
829 3415 859 3470 be
870 3429 951 3476 aeege,
984 3415 1050 3477 genii
1057 3414 1568 3477 praedeeessorumnostroruminhrerentea,

368 3495 418 3557 byg
429 3495 565 3543 todaeldon
578 3495 610 3542 dn
622 3495 658 3550 bri
671 3494 760 3543 daelaer
779 3496 843 3543 inne
862 3496 909 3544 doel
920 3495 952 3544 he
984 3495 1140 3544 detestabiles
1151 3495 1273 3544 nundinae
1284 3496 1323 3544 vel
1332 3495 1416 3555 ferias,
1425 3512 1485 3560 quaa
1494 3497 1567 3560 vulgo

366 3583 445 3626 arette
467 3592 500 3625 on
522 3577 572 3632 lues
591 3577 665 3640 lyitee
681 3577 782 3638 ge-drif,
800 3577 888 3631 oberne
905 3578 952 3626 dal
986 3580 1153 3627 torneamenta
1165 3583 1262 3634 rotant,
1276 3577 1301 3625 in
1318 3577 1408 3640 quibua
1427 3578 1518 3626 milltes
1537 3593 1567 3626 ex

366 3673 399 3706 on
423 3659 473 3713 brea
490 3667 592 3707 waterea
608 3658 711 3720 geddi,
732 3657 834 3712 briddan
855 3659 901 3708 dael
918 3674 951 3707 on
984 3660 1050 3708 dicto
1070 3660 1199 3708 convenire
1219 3659 1300 3708 solent
1321 3659 1352 3707 ad
1377 3660 1566 3708 ostentationem

366 3739 637 3803 helleneoweluysse.'’
672 3739 702 3788 ln
715 3739 757 3790 the
768 3740 855 3803 legend
870 3741 898 3790 oi
913 3741 950 3790 St.
984 3741 1072 3789 ririum
1085 3741 1338 3789 suammetaudaeioe
1355 3745 1448 3789 temere
1463 3757 1566 3804 congre-

366 3820 482 3872 Brandan
494 3821 563 3874 thera
579 3822 656 3872 fallen
673 3823 757 3885 spirita
768 3837 859 3886 appear
869 3824 896 3871 in
908 3824 951 3872 tha
986 3823 1097 3880 diamur,
1109 3822 1174 3870 unde
1186 3830 1278 3870 mortes
1290 3822 1417 3870 hominurn
1426 3829 1451 3871 et
1459 3824 1568 3886 pericula

368 3901 445 3964 ahape
456 3901 484 3951 oi
492 3903 567 3952 birds.
984 3905 1121 3954 animarum
1134 3921 1199 3969 saepe
1211 3907 1368 3968 proveniunt,
1380 3905 1434 3954 fieri
1451 3905 1567 3969 prohibe-

397 3981 614 4052 'yTournaments
627 3999 714 4040 werea
732 4001 818 4035 source
838 3987 866 4035 oi
880 3990 949 4049 great
983 4002 1047 4038 naus.
1082 3987 1156 4040 Quod
1176 3988 1197 4036 si
1220 3988 1275 4050 quis
1294 4002 1378 4037 eoram
1395 3987 1429 4037 ibi
1452 3995 1566 4036 mortuus
