3608 4862
402 536 445 618 70
837 555 1026 608 sonarent
1049 549 1171 606 uanas
1397 559 1519 625 [nudie
1530 559 1569 614 11.

398 713 544 778 bendum
560 705 719 800 expensis
736 713 925 800 hujusmodi
947 713 1114 779 hominem
1129 713 1241 778 laetum
1257 720 1291 778 et
1304 711 1439 778 hilarem
1459 713 1494 778 in
1509 711 1600 779 omni

401 837 489 896 casu,
514 817 608 882 faciei
630 816 801 894 mundum,
815 817 1013 896 modestum,
1038 814 1207 895 humilem,
1232 816 1366 881 omnino
1387 817 1472 881 sicut
1484 813 1597 881 multis

400 919 471 982 aliis
496 927 531 984 et
553 928 590 984 ut
605 919 685 982 mihi
709 917 881 983 videbatur
901 919 1093 1003 perfectum,
1116 939 1220 981 unum
1245 917 1314 982 vidi
1334 917 1524 988 miraculum
1539 938 1598 1003 per

399 1043 533 1085 manum
547 1021 650 1108 ipsius
666 1044 685 1084 a
698 1021 844 1086 Domino
860 1042 998 1100 sacrum,
1013 1020 1120 1084 audivi
1131 1019 1279 1106 plurima.
1325 1019 1410 1084 Cum
1423 1041 1495 1085 sero
1509 1028 1598 1084 esset

401 1123 453 1189 die
475 1145 541 1188 una
554 1124 645 1190 venit
667 1123 842 1189 multitudo
857 1146 974 1209 magna
988 1123 1107 1187 civium
1128 1121 1423 1202 lemovicensium,
1437 1132 1471 1187 et
1487 1143 1598 1188 secum

399 1226 566 1291 hominem
593 1227 829 1291 daemoniacum
854 1224 1052 1291 deferebant.
1106 1223 1268 1290 Veniebat
1300 1234 1410 1289 autem
1438 1233 1516 1311 post
1540 1245 1596 1290 eos

400 1329 600 1395 Pictavensis
615 1329 798 1415 episcopus,
819 1328 875 1413 qui
894 1349 982 1393 nunc
1005 1337 1056 1393 est
1076 1326 1309 1392 Lundunensis
1323 1327 1596 1413 archiepiscopus,

397 1432 610 1498 Albaemanus
632 1433 856 1518 cognomina*
879 1440 977 1495 natus
999 1453 1019 1496 a
1041 1430 1227 1510 Cantuaria,
1241 1429 1291 1495 vir
1305 1429 1499 1516 eloquentiae
1513 1450 1596 1514 prae-

398 1536 513 1622 cipuae,
536 1536 738 1601 auctoritatis
760 1544 795 1600 et
809 1533 1003 1599 celebritatis
1018 1533 1178 1612 maximae,
1194 1554 1261 1597 non
1282 1541 1320 1596 ut
1336 1542 1522 1618 temptaret,
1538 1531 1596 1597 sed

398 1638 486 1724 quod
500 1639 566 1702 lere
581 1637 771 1702 credebatur
793 1657 869 1702 vere
892 1636 998 1721 possit
1022 1635 1114 1699 scire.
1158 1634 1194 1699 Is
1218 1634 1261 1698 ad
1279 1656 1332 1698 me
1352 1635 1387 1698 in
1408 1635 1472 1699 hiis
1486 1633 1595 1700 verbis

397 1740 553 1806 accessit:
587 1739 794 1804 “Carissimo
817 1739 874 1819 mi,
899 1760 998 1804 evoca
1022 1737 1118 1803 nobis
1138 1737 1428 1823 archiepiscopum,
1448 1747 1486 1802 ut
1507 1736 1594 1824 quod

398 1863 513 1907 omnes
527 1842 705 1928 praedicant
721 1843 790 1908 sine
805 1841 906 1906 dubio
925 1838 1091 1905 testificari
1110 1840 1298 1925 possimus3
1321 1840 1390 1904 vidi
1403 1839 1596 1926 aliquotiens

396 1944 551 2008 fantasias
577 1944 657 2024 fieri,
679 1942 734 2008 ubi
750 1942 971 2028 predicabant
985 1941 1176 2006 miraculum
1199 1941 1382 2022 sevidisse,
1401 1941 1594 2028 percepique

397 2067 526 2130 semper
541 2046 748 2126 simultatem,
763 2067 823 2110 nec
838 2066 980 2130 unquam
1002 2064 1115 2108 verum
1136 2042 1268 2128 aliquod
1287 2043 1357 2108 vidi
1371 2042 1594 2109 miraculum.’'

397 2149 482 2212 Tum
498 2171 557 2235 ego
573 2149 741 2214 dominum
763 2149 896 2213 Petrum
911 2145 1050 2225 adduxi3
1075 2145 1130 2231 qui
1153 2146 1260 2230 posito
1282 2167 1369 2230 genu
1383 2168 1516 2210 manum
1531 2147 1594 2210 im-

396 2251 508 2338 posuit
521 2252 651 2316 infirmo
667 2251 831 2337 spumanti
842 2260 876 2316 et
890 2249 1025 2314 omnino
1043 2269 1177 2327 vesane,
1195 2249 1311 2332 procul
1332 2247 1443 2314 dubio.
1485 2249 1593 2314 Aures

395 2352 606 2440 apposuimus
632 2353 784 2418 dominus
807 2351 977 2418 lohannes
1002 2350 1175 2435 episcopus
1200 2360 1233 2415 et
1253 2373 1323 2436 ego,
1346 2351 1594 2438 audivimusque

396 2456 568 2536 dicentem,
584 2453 863 2521 Recumbentibus
885 2451 1038 2516 undecim
1060 2449 1238 2536 discipulis,
1263 2460 1298 2516 et
1319 2461 1445 2518 caetera.
1487 2453 1593 2520 'fene

395 2558 476 2624 bant
499 2568 608 2623 autem
624 2557 859 2624 daemoniacum
873 2553 1114 2633 consulatum,
1129 2576 1196 2618 non
1211 2554 1298 2620 enim
1313 2555 1489 2640 ligaverant
1505 2577 1591 2638 eum,

396 2661 471 2747 quia
484 2661 631 2747 ipsorum
645 2660 787 2726 concivis
800 2669 877 2724 erat.
921 2659 1020 2723 Dicta
1030 2657 1128 2743 igitur
1138 2656 1229 2724 brevi
1244 2658 1399 2738 oratione,
1407 2669 1484 2744 post
1494 2681 1592 2724 evan·

394 2763 525 2848 galium,
537 2763 637 2849 jussit
652 2764 682 2826 ei
697 2785 813 2826 manus
828 2761 970 2840 dimitti;
986 2760 1162 2846 quistatim
1177 2783 1276 2825 manu
1295 2762 1428 2828 dextera
1442 2783 1479 2827 os
1494 2784 1591 2827 suum

395 2865 500 2944 tersit,
516 2867 638 2944 dicens,
652 2869 674 2903 “
683 2865 792 2929 Mater
806 2864 882 2944 Dei,
900 2863 1083 2928 miserere.''
1130 2863 1290 2930 Resiliens
1310 2885 1386 2949 ergo
1409 2864 1517 2930 subito
1533 2865 1592 2929 do-

395 2968 504 3032 minus
513 2967 682 3033 lohannes
693 2967 867 3053 episcopus
876 2988 952 3031 cum
960 2965 1100 3030 lacrimis
1115 2965 1171 3045 ait,
1185 2970 1207 3003 “
1219 2967 1304 3032 Vere
1315 2989 1414 3032 sanus
1425 2977 1477 3033 est
1491 2989 1593 3053 aeger3

395 3070 449 3135 hic
465 3070 554 3136 solus
568 3071 740 3156 episcopus
755 3080 816 3151 est,
830 3092 892 3135 nos
907 3078 1016 3134 autem
1030 3090 1126 3134 canes
1142 3091 1209 3134 non
1223 3069 1369 3136 valentes
1384 3071 1535 3138 latrare.''

705 3261 786 3324 Item
801 3261 837 3324 de
851 3261 956 3324 eodem
971 3259 1060 3324 beato
1076 3261 1181 3325 Petro.
1224 3257 1281 3324 iiii.

438 3379 564 3444 Retulit
589 3379 668 3444 mihi
692 3381 846 3466 magister
871 3379 963 3444 Serlo
988 3401 1007 3442 a
1031 3377 1204 3457 wiltonia,
1224 3376 1324 3442 abbas
1341 3377 1590 3459 Eleemosinae,†

394 3483 482 3567 quod
496 3482 550 3548 hic
564 3483 649 3548 idem
672 3483 780 3549 bonus
801 3482 1063 3568 archiepiscopus
1086 3481 1214 3559 Petrus,
1235 3501 1311 3546 cum
1329 3479 1502 3546 interesset
1517 3481 1592 3546 Cis-

426 3654 442 3688 *
458 3654 536 3714 John,
548 3656 680 3705 sumamed
690 3657 725 3705 ad
733 3657 802 3706 alba
816 3669 913 3714 monas,
924 3669 974 3704 nas
1038 3655 1057 3709 †
1072 3653 1126 3702 'Ibe
1144 3651 1224 3714 abbey
1240 3651 1270 3700 cl
1283 3651 1456 3715 Eleemosyna,
1475 3667 1503 3701 or
1517 3652 1591 3701 l'hn.

393 3734 721 3800 madeblrhopoll’oitieru
740 3737 975 3792 in1162,andwas
1008 3734 1088 3794 mbae,
1111 3735 1252 3783 sometime
1273 3733 1350 3784 called
1372 3734 1449 3784 Littla
1475 3733 1589 3794 Citeaor,

392 3817 832 3883 promotedtothearchbiahopn'cat
840 3817 976 3870 Narbonae
1007 3831 1056 3865 vas
1073 3815 1179 3866 eituated
1196 3815 1307 3865 between
1323 3815 1441 3864 Choatrae
1450 3814 1500 3863 and
1510 3813 1590 3863 Bloia.

392 3895 420 3943 in
440 3899 512 3956 1181,
532 3898 581 3946 and
600 3903 627 3946 to
645 3900 700 3947 that
717 3899 746 3947 ot
761 3899 882 3961 Lycnsin
903 3902 975 3949 1182.
1007 3897 1076 3946 Serlo
1087 3913 1135 3948 was
1146 3897 1296 3948 abbotlrom
1309 3897 1370 3948 1171
1383 3901 1410 3946 to
1425 3909 1494 3944 some
1504 3895 1592 3958 period

395 3975 436 4023 lle
458 3991 505 4024 aas
527 3993 557 4026 aa
581 3977 752 4041 Englishman,
774 3980 891 4030 eadhed
911 3982 975 4031 been
1006 3980 1193 4044 subseqnentto
1212 3982 1284 4031 1113.
1316 3981 1371 4030 The
1386 3980 1488 4028 authors
1505 3978 1534 4027 ol
1547 3977 1591 4028 the
1613 4013 1619 4024 .

393 4059 516 4104 treasurer
532 4058 562 4105 ot
578 4059 755 4110 thecathedral
769 4065 797 4111 ot
814 4065 893 4114 Yorlr.
928 4068 975 4118 see
1008 4059 1089 4110 Gallia
1106 4061 1248 4111 Christiana
1266 4077 1333 4112 seem
1349 4066 1395 4111 not
1410 4067 1437 4112 to
1453 4061 1591 4114 haveboeu

394 4136 437 4187 the
445 4136 525 4187 Gallia
536 4138 684 4204 Christiana,
695 4144 745 4192 vol.
757 4144 795 4204 ii..
807 4147 856 4196 col.
870 4150 943 4205 1110.
1007 4163 1086 4199 avare
1095 4148 1150 4198 that
1159 4147 1191 4198 ha
1202 4161 1251 4198 tras
1261 4163 1293 4198 aa
1304 4145 1476 4210 Engliehman.
