3650 4852
260 533 451 601 capum]
623 536 670 582 aa
693 537 805 584 noors
828 537 1055 584 quorsumn.
1404 519 1444 580 sl

243 687 397 767 derisum,
412 695 451 752 ut
465 685 574 751 solent
588 685 621 752 in
637 688 756 754 delicto
771 697 934 775 potentes,
948 689 1020 775 ipse
1031 689 1225 755 causabatur
1239 689 1398 769 obsidem,
1413 697 1447 754 et

242 789 569 875 ciroavesperamdiei
577 799 612 854 et
620 792 689 876 spei
705 791 1044 878 suscipitinspiratum
1053 792 1252 877 peditem,ut
1262 792 1447 876 profugum,

242 893 409 979 multoque
419 891 626 957 festinatione
641 893 824 973 defectum
847 893 904 957 vix
919 892 1072 978 loquitur,
1088 903 1121 958 et
1136 893 1221 959 sicut
1233 893 1377 978 loquitur
1391 916 1448 960 ro·

242 993 395 1078 nismque
410 1003 523 1058 exorat
536 994 625 1078 quod
639 995 703 1081 ipsi
713 1005 790 1061 vota
805 995 978 1075 distulerit,
999 995 1158 1060 mirmtur
1171 1015 1286 1062 omnes
1301 1006 1335 1062 et
1349 997 1447 1062 mise·

242 1107 366 1179 runnu,
381 1109 416 1164 et
428 1099 500 1183 ipse
514 1119 571 1163 rex
582 1099 648 1164 fide
662 1098 750 1164 bona
764 1099 884 1184 captivi
893 1099 944 1163 sui
954 1099 1101 1184 placatus
1110 1120 1169 1185 per
1179 1100 1314 1185 gratiam
1324 1100 1448 1166 Christi

240 1199 380 1266 liberum
394 1200 528 1265 dimisit

626 1301 789 1374 Quidam
802 1305 958 1370 mirabile.
1001 1304 1068 1370 xix.

287 1437 381 1505 Circe
395 1450 525 1524 tempus
539 1437 637 1520 idem,
664 1439 798 1505 clericus
824 1439 955 1525 quidam
980 1463 999 1504 a
1025 1439 1207 1506 Sarracenia
1234 1441 1447 1526 sagittabotur

242 1551 281 1607 ut
295 1552 436 1628 negaret.
485 1541 628 1608 Quidam
644 1551 753 1607 autem
769 1540 825 1628 qui
840 1553 1012 1628 negaverat
1036 1553 1147 1608 astans
1161 1543 1391 1628 inproperabat
1416 1545 1447 1610 ei

243 1645 330 1729 quod
345 1645 443 1709 stulte
459 1644 614 1724 crederet,
629 1653 663 1709 at
676 1644 717 1709 sd
733 1644 877 1728 singulos
892 1645 977 1710 ictus
992 1645 1108 1726 aiebat,
1128 1645 1264 1710 “Estne
1274 1645 1398 1712 bonum
1410 1649 1446 1713 l''

242 1745 302 1811 Ille
317 1745 399 1811 nihil
413 1756 535 1812 contra.
581 1747 730 1833 Cumque
742 1747 867 1813 videret
877 1749 948 1833 ejus
960 1747 1188 1826 constantiam,
1197 1770 1263 1813 uno
1274 1748 1336 1814 sibi
1348 1759 1446 1836 caput

241 1850 422 1936 amputavit
435 1850 513 1930 ictu,
528 1849 650 1931 dicens,
672 1851 808 1916 “Estne
822 1851 946 1915 bonum
958 1852 994 1915 ?''
1039 1851 1149 1936 Caput
1163 1860 1272 1915 autem
1282 1863 1445 1918 resectum

241 1973 317 2016 cum
330 1953 462 2039 proprio
478 1975 533 2018 ore
547 1954 684 2040 loquens
698 1954 821 2034 intulit,
835 1958 858 1992 “
869 1955 970 2019 Nunc
979 1954 1104 2019 bonum
1120 1955 1203 2019 est.''
1248 1955 1330 2020 Haec
1345 1957 1444 2022 ethis

241 2053 358 2119 similia
371 2053 511 2140 primitis
527 2055 733 2140 contigerunt
758 2056 982 2142 templaribus,
1006 2056 1085 2120 dum
1109 2057 1247 2121 Domini
1270 2059 1385 2122 caritas
1411 2066 1445 2122 et

240 2157 355 2222 mundi
369 2157 476 2224 vilitas
490 2157 604 2222 inerat.
649 2157 699 2222 Ut
713 2167 821 2221 autem
836 2159 951 2223 caritas
962 2158 1066 2239 viluit,
1079 2167 1112 2222 et
1120 2158 1257 2223 invaluit
1268 2159 1444 2244 opulentia,

240 2281 372 2346 prorsus
386 2261 463 2324 alias
485 2259 668 2326 audivimus
694 2283 774 2346 quas
789 2271 823 2325 et
843 2260 1051 2346 subjiciemus
1072 2259 1216 2341 fabulas3
1241 2270 1275 2326 at
1298 2271 1332 2326 et
1352 2261 1443 2348 prius

240 2383 352 2428 eorum
366 2364 489 2449 primos
503 2387 523 2428 a
536 2372 727 2452 paupertate
749 2373 858 2428 motus
873 2363 1054 2427 audiantur.

621 2549 705 2615 Item
719 2549 811 2614 aliud
822 2549 976 2613 mirabile.
1019 2569 1074 2612 xx.

284 2658 382 2724 Miles
419 2658 560 2746 quidam,
593 2659 787 2726 Homericus
816 2657 960 2737 nomine,
989 2656 1098 2743 magni
1117 2655 1315 2742 patrimonii,
1347 2659 1442 2725 famoe

239 2761 386 2840 modicoe,
399 2762 532 2848 petebat
547 2761 734 2827 exercitium
748 2761 897 2841 militare,
925 2758 1013 2845 quod
1039 2760 1292 2826 tomiamentum
1319 2761 1441 2828 dicunt.

240 2863 390 2948 Cumque
404 2886 463 2949 per
476 2886 592 2929 nemus
603 2864 704 2929 altum
718 2863 781 2929 iter
790 2873 907 2948 ageret,
917 2862 1041 2928 audivit
1050 2864 1092 2928 ad
1102 2862 1235 2927 missam
1247 2865 1441 2930 matutinam

239 2965 367 3052 alonge
381 2967 503 3054 pulsari
517 2989 718 3054 campanam,
734 2967 894 3050 sociisque
921 2964 1184 3030 dissuadentibus
1211 2974 1245 3030 et
1269 2965 1380 3032 inritis
1403 2979 1443 3034 ut

238 3068 372 3134 missam
387 3071 512 3136 audiret
525 3069 721 3157 properavit,
744 3069 908 3154 armigeris
923 3079 957 3133 et
971 3067 1068 3132 armis
1082 3067 1202 3133 relictis
1216 3068 1251 3132 in
1274 3072 1441 3138 comitatu.

240 3169 425 3238 Heremitas
450 3172 585 3236 invenit.
630 3171 736 3235 Missa
760 3170 919 3235 celebrata
940 3171 1045 3234 redire
1068 3170 1235 3236 festinavit
1258 3173 1298 3236 ad
1325 3175 1442 3255 socios,

240 3295 371 3359 sperans
386 3297 442 3340 eos
457 3276 491 3340 in
508 3276 650 3340 secundo
665 3274 719 3340 vel
732 3274 828 3338 tertio
856 3273 1012 3358 consequi
1036 3273 1195 3353 miliari03
1218 3275 1277 3340 sed
1295 3285 1365 3341 tota
1389 3277 1441 3344 die

238 3376 351 3441 devius
366 3400 438 3443 sero
452 3400 601 3444 reversus
617 3387 667 3444 est
682 3377 723 3441 ad
737 3377 846 3441 locum
861 3377 980 3442 missae.
1026 3375 1180 3441 Similiter
1195 3377 1276 3442 etin
1289 3381 1442 3446 crastino,

238 3479 302 3544 Die
317 3481 412 3544 tertia
426 3481 606 3546 conductus
621 3480 661 3545 ab
676 3480 835 3545 heremita
849 3481 955 3545 socios
969 3479 1095 3543 invenit
1108 3481 1293 3558 redeuntes,
1313 3483 1442 3566 ipsique

237 3581 341 3646 multa
354 3581 467 3645 laetitia
481 3581 752 3666 congratulantes.
798 3582 938 3646 Miratur
960 3581 1057 3645 solito
1078 3583 1235 3666 majorem
1259 3580 1322 3646 sibi
1343 3603 1442 3647 venc-

236 3683 396 3747 rationem
411 3682 574 3762 exhiberi3
596 3683 692 3747 timet
705 3681 852 3746 ironiam.
897 3680 1101 3747 Familiarem
1116 3703 1193 3766 ergo
1208 3683 1333 3746 socium
1347 3694 1443 3750 vocat

236 3785 272 3850 in
287 3793 424 3872 partem,
439 3785 554 3870 quoerit
569 3786 732 3870 quomodo
747 3805 841 3849 casus
856 3785 903 3848 eis
929 3785 964 3847 in
986 3781 1204 3850 torniamento
1227 3786 1441 3870 responderit.

237 3887 356 3952 intulit
370 3886 434 3968 ille,
450 3891 472 3924 “
481 3887 573 3952 Bene
583 3885 679 3951 nobis
691 3896 724 3951 et
735 3907 834 3950 manu
844 3895 912 3966 tua,
928 3884 987 3950 sed
998 3883 1137 3950 inimicis
1152 3886 1246 3966 mele,
1260 3887 1316 3972 qui
1331 3899 1440 3956 tamen

237 3991 334 4057 bodie
347 3991 469 4057 reversi
484 3999 563 4054 sunt
584 3990 626 4056 ad
640 4011 701 4055 noa
715 3999 754 4055 ut
773 3998 808 4054 te
831 4010 891 4076 pro
911 3998 1044 4054 tuorum
1068 4009 1203 4076 operum
1228 3991 1440 4060 admiratione

237 4092 394 4176 viderent,
409 4095 465 4160 sed
482 4103 520 4158 ut
540 4093 610 4160 heri
635 4093 829 4160 recessimus
855 4093 896 4159 ad
918 4091 1073 4178 hospitia,
1098 4113 1195 4159 nemo
1218 4093 1315 4160 nobis
1341 4095 1382 4161 de
1407 4106 1440 4161 tc
