3608 4862
376 495 437 552 140
799 505 986 551 cunarum
1011 503 1132 549 nanas
1379 505 1498 567 [Diceae.
1512 507 1559 557 lv.

372 698 560 762 generosus,
572 676 661 762 quod
675 675 773 762 paulo
788 675 896 740 minor
910 674 1042 761 angelis,
1057 683 1165 739 totum
1180 673 1341 740 convertit
1351 674 1385 738 in
1401 674 1575 754 sinistram,

372 789 406 842 et
428 801 579 865 perversa
600 778 752 842 felicitate
775 776 972 842 fortissimus
997 785 1065 840 tam
1087 775 1245 840 infrunito
1267 776 1371 840 iaetus
1394 785 1445 840 est
1466 776 1575 840 animo

372 882 541 967 parricida,
566 892 603 946 ut
624 883 658 945 in
685 881 821 945 summis
848 880 1014 945 desideriis
1041 890 1179 945 mortem
1214 880 1285 965 ejus
1309 879 1465 964 posuerit,
1492 881 1577 944 sicut

372 984 463 1050 aiunt
480 985 655 1050 Merlinum
673 983 712 1048 de
727 984 799 1071 ipso
815 985 1038 1071 prophetasse,
1053 984 1151 1070 Lynx
1164 992 1338 1069 penetrans
1354 983 1463 1048 omnia
1476 984 1576 1048 exitio

372 1089 513 1174 proprioe
527 1088 633 1174 gentis
659 1088 876 1153 imminebit*
920 1088 1013 1151 Nihil
1038 1087 1290 1171 impenetratum
1314 1086 1419 1171 liquit,
1445 1108 1576 1152 omnem

373 1191 520 1276 lapillum
549 1192 663 1272 movit,
689 1201 797 1256 toturn
822 1191 956 1256 foedavit
981 1189 1220 1276 proditionibus
1250 1189 1374 1268 orbem,
1402 1190 1576 1276 prodigalis

371 1295 518 1379 proditor
539 1293 610 1379 ipse
632 1293 850 1380 prodigusque
871 1292 1042 1371 malorum,
1056 1294 1131 1356 fons
1158 1293 1316 1357 scelerum
1340 1293 1575 1369 serenissimus,

373 1397 557 1482 appetibilis
581 1397 734 1483 nequitiae
757 1397 872 1476 fomes,
887 1395 1102 1481 pulcherrima
1125 1396 1248 1480 peccati
1273 1395 1369 1480 regia,
1391 1397 1484 1482 cujus
1510 1406 1579 1462 erat

371 1516 507 1584 regnum
522 1500 787 1565 amoenissimum.
811 1500 861 1564 Ut
876 1497 983 1564 scistis
995 1498 1159 1584 quomodo
1168 1511 1292 1563 creator
1306 1499 1403 1565 fuerit
1417 1499 1577 1566 haereseos

372 1602 597 1688 proditorum3
620 1612 711 1687 pater
726 1624 804 1684 suus
819 1611 928 1667 totum
943 1602 1005 1666 sibi
1028 1600 1195 1667 sedaverat
1216 1602 1259 1666 ad
1279 1623 1391 1688 pacem
1406 1604 1578 1684 mundum,

374 1713 440 1769 tam
456 1727 497 1769 ex
512 1704 623 1768 alienis
640 1726 737 1789 quam
753 1726 792 1769 ex
808 1704 896 1783 suis3
918 1703 971 1769 hic
985 1713 1095 1769 autem
1106 1705 1214 1790 rumpi
1229 1706 1350 1770 foedera
1363 1705 1530 1785 fefellisse
1543 1707 1578 1771 in

372 1828 480 1891 regem
495 1807 666 1894 pacificum
681 1817 794 1873 contra
805 1809 989 1894 juramenta
1000 1809 1183 1893 juratorum
1195 1829 1284 1873 arma
1299 1809 1414 1895 coegit,
1429 1811 1578 1895 perjurus

374 1911 445 1997 ipse
459 1911 554 1997 patri,
569 1932 622 1975 me
637 1911 778 1992 vidente,
793 1912 998 1988 multociens,
1013 1913 1163 1996 frequens
1179 1912 1209 1975 ei
1223 1911 1366 1998 ponebat
1381 1913 1580 1992 scandalum,

374 2014 544 2099 victusque
559 2013 685 2079 redibat
700 2036 739 2079 eo
754 2036 882 2100 semper
896 2014 937 2079 ad
953 2014 1069 2078 delicta
1082 2014 1255 2100 proclivior
1277 2037 1340 2100 quo
1364 2015 1507 2080 securius
1523 2015 1580 2079 ad-

374 2115 523 2182 vertebat
543 2115 605 2181 sibi
628 2117 756 2182 veniam
781 2139 848 2182 non
874 2138 971 2202 posse
994 2117 1113 2202 negari.
1157 2117 1273 2180 Nullas
1297 2139 1442 2202 unquam
1463 2119 1581 2183 meruit

374 2217 439 2283 iras
455 2241 535 2304 quas
547 2241 614 2284 non
626 2229 738 2304 posset
753 2219 866 2304 primis
882 2219 1007 2303 placare
1018 2218 1208 2305 lachrymis3
1231 2218 1277 2282 nil
1293 2219 1479 2305 concupivit
1494 2223 1581 2306 quod

374 2344 442 2386 non
476 2322 588 2408 paucis
617 2332 823 2407 extorqueret
858 2321 1035 2402 blanditiis,
1065 2323 1186 2408 quippe
1216 2322 1271 2407 qui
1301 2323 1447 2407 quemvis
1476 2323 1581 2388 homi·

374 2445 451 2489 nem
466 2433 578 2488 contra
593 2425 736 2510 seipsum
752 2423 931 2510 optinebst,
946 2424 1019 2508 quia
1042 2433 1155 2488 contra
1174 2425 1404 2490 conscientiam
1424 2436 1458 2491 et
1482 2427 1581 2492 fidem

374 2526 448 2591 Deo
475 2525 638 2606 derelicto,
664 2527 718 2612 qui
743 2527 878 2592 melleus
901 2547 1074 2612 percussus
1096 2527 1130 2591 in
1154 2527 1307 2592 Martello
1336 2529 1498 2614 poenitens
1525 2531 1580 2595 de·

376 2629 474 2694 cessit
487 2639 526 2694 ut
540 2630 642 2710 aiunt,
658 2631 716 2694 sed
742 2629 784 2693 ad
806 2652 920 2716 pacem
939 2631 1041 2716 patris
1067 2629 1157 2694 nullo
1179 2631 1288 2716 potuit
1302 2631 1425 2696 inflecti
1441 2633 1581 2714 monitu,

376 2733 469 2819 quasi
486 2733 514 2796 si
529 2733 697 2798 decessero
713 2733 887 2819 quiescam,
909 2733 937 2796 si
963 2755 1030 2798 non
1055 2733 1263 2820 impugnabo.
1308 2737 1503 2821 Depositam
1524 2739 1581 2802 ha·

374 2834 474 2900 bebat
488 2833 523 2899 in
547 2836 643 2900 eorde
668 2857 832 2920 guerram3
855 2836 1051 2922 fratremque
1071 2859 1169 2901 suum
1195 2838 1379 2918 Ricardum,
1391 2843 1484 2926 eujus
1499 2841 1583 2907 ints·

377 2935 531 3002 bescebat
554 2937 640 3017 odio,
659 2938 790 3025 reliquit
814 2938 986 3019 haeredem,
1010 2949 1044 3004 et
1070 2940 1209 3006 decessit
1237 2941 1338 3008 iratus
1349 2967 1361 3024 ;
1385 2943 1583 3010 dissimiliter

376 3039 521 3124 respexit
535 3040 699 3106 Dominus
713 3041 824 3106 finem.

864 3231 898 3293 E
924 3233 961 3296 'lo
1004 3253 1030 3296 a.
1074 3231 1108 3296 ii.

421 3337 571 3403 Huncin
586 3337 673 3402 curia
687 3337 770 3424 regis
791 3252 931 3405 Henriiiz
940 3253 1086 3406 lilium
1107 3341 1226 3429 raptim
1246 3345 1397 3411 annotavi
1422 3346 1584 3414 schedulis

375 3449 410 3504 et
431 3460 450 3503 a
472 3439 568 3504 corde
590 3460 663 3505 meo
689 3439 847 3505 violenter
869 3443 1000 3521 extorsi,
1016 3443 1142 3507 domini
1168 3445 1232 3509 mei
1255 3447 1427 3533 praeceptis
1449 3448 1584 3536 obsequi

407 3601 423 3632 ·
434 3599 466 3649 In
475 3599 592 3664 Geoffrey
601 3600 631 3649 oi
641 3598 818 3650 Moumonth's
829 3601 925 3650 version
937 3602 967 3651 of
997 3602 1122 3662 Naustria
1140 3609 1166 3654 et
1182 3606 1287 3668 pristina
1298 3608 1417 3672 dignitate
1428 3611 1583 3674 spoliabitur.

375 3681 419 3730 the
438 3682 584 3746 propheciae
600 3682 629 3730 oi
647 3683 739 3732 Merlin
751 3683 887 3744 (thesixth
898 3683 964 3732 book
997 3684 1119 3733 Matthev
1140 3685 1209 3735 Paris
1230 3689 1324 3753 applica
1345 3691 1396 3740 this
1414 3695 1539 3758 prophecy
1557 3702 1584 3746 to

376 3765 406 3813 oi
419 3764 458 3812 his
475 3763 571 3813 British
590 3763 706 3828 History)
726 3765 747 3814 it
766 3765 788 3814 is
807 3765 861 3814 said
878 3765 907 3814 ci
922 3765 965 3814 the
999 3765 1085 3830 Henry
1097 3767 1161 3826 111..
1173 3769 1222 3816 and
1234 3769 1355 3820 Hovcden
1367 3773 1416 3820 and
1428 3774 1547 3825 Benedict
1559 3777 1587 3826 ol

379 3846 474 3894 Sestos
484 3859 538 3904 ras,
551 3845 607 3894 who
619 3861 668 3894 was
685 3852 712 3894 to
727 3860 838 3908 conquer
855 3846 963 3906 Irelsnd,
1001 3847 1186 3912 Peterborough
1194 3852 1317 3914 supposed
1329 3854 1371 3903 the
1381 3855 1512 3906 rebellious
1523 3859 1584 3908 chil-

379 3925 525 3988 Egredietur
541 3941 572 3976 ex
592 3941 622 3976 eo
640 3927 711 3991 Lynx
729 3933 860 3990 penetrans
876 3929 967 3986 omnia,
1001 3929 1061 3978 drea
1072 3931 1101 3980 ol
1110 3931 1197 3995 Heary
1208 3932 1246 3981 11.
1258 3937 1285 3982 to
1300 3933 1332 3984 be
1349 3936 1391 3985 the
1408 3941 1533 4001 metentes
1543 3955 1585 3990 ca·

384 4005 428 4068 qui
438 4007 516 4055 ruiase
527 4007 634 4070 propriae
651 4009 732 4070 gentis
750 4009 889 4058 imminebit
899 4029 905 4058 ε
924 4025 969 4073 per
1002 4013 1049 4061 eati
1061 4013 1138 4062 leonia
1148 4013 1177 4062 of
1186 4013 1323 4079 Geoffrey's
1335 4017 1437 4069 Merlin.

387 4087 457 4136 illam
487 4089 552 4136 enim
582 4095 713 4152 suamque
743 4089 850 4140 laedam
876 4091 969 4140 amittit
