3610 4852
416 526 476 583 184
844 537 1032 583 cunarum
1058 537 1179 581 naras
1426 537 1547 600 [mune.
1561 539 1606 590 lv.

414 708 620 773 excandescit
655 707 740 793 ignis
767 708 920 787 avaritiae,
958 705 1130 794 cupidique
1161 705 1314 771 similium
1345 706 1487 792 Wigano
1517 709 1617 772 insul·

412 822 520 877 tentes
545 812 646 891 aiunt,
670 811 823 876 “Honor
846 812 943 876 Alani
969 823 1020 876 est
1033 811 1177 876 visitatio
1204 831 1348 890 suorum,
1375 821 1409 876 et
1434 833 1474 876 ex
1502 813 1569 876 suis
1587 813 1617 878 ei

412 916 577 980 humilitas
600 925 634 980 et
657 935 747 979 amor
762 914 952 994 exhibetur3
982 915 1015 978 in
1032 915 1094 978 hoc
1110 914 1198 1000 quod
1213 923 1349 978 vocatus
1366 913 1490 979 tociens
1508 937 1618 1001 super·

413 1019 536 1099 sedisti,
552 1003 629 1102 quid
645 1018 733 1082 aliud
748 1029 798 1083 est
813 1040 910 1103 quam
925 1019 1034 1103 ipsum
1060 1017 1255 1102 proditionis
1280 1038 1423 1102 arguere,
1449 1018 1502 1082 vel
1524 1029 1619 1083 tuum

412 1121 578 1208 propalare
604 1131 829 1208 contemptum
854 1122 896 1185 ad
922 1122 987 1185 vim
1012 1131 1046 1186 et
1072 1119 1279 1206 superbiam?
1334 1120 1414 1204 Eja!
1438 1121 1552 1206 primis
1575 1119 1617 1187 ob

411 1235 560 1310 tempora
572 1225 732 1289 mandatis
743 1227 837 1290 famas
851 1223 974 1289 labenti
989 1223 1133 1303 consule,
1149 1233 1237 1307 terge
1252 1223 1424 1308 praeteritae
1437 1223 1619 1309 rubiginem

409 1329 582 1393 infamiae.’'
626 1329 753 1393 Annuit
766 1328 945 1414 Wiganus3
972 1349 1162 1412 persuasum
1178 1336 1229 1392 est
1244 1327 1357 1390 eivitae
1374 1328 1564 1412 periculum,
1582 1340 1616 1393 et

411 1453 484 1496 ecce
510 1431 594 1516 regis
619 1440 654 1495 et
674 1431 793 1516 reginae
819 1430 930 1495 nuncii
957 1431 1074 1510 simul;
1101 1430 1255 1494 euntibus
1272 1429 1460 1495 Clodoanus
1496 1431 1619 1511 obviat,

410 1535 555 1613 miratur,
577 1534 753 1614 dissuadet,
769 1535 945 1620 Wiganum
972 1533 1108 1598 detinet.
1164 1533 1354 1597 Remelinus
1369 1557 1388 1597 a
1403 1555 1478 1619 rege
1501 1557 1561 1599 suo
1584 1546 1617 1600 et

409 1639 520 1724 regina
545 1638 640 1702 solita
667 1637 842 1723 suscipitur
857 1660 894 1702 ac
921 1636 1057 1722 digniori
1080 1636 1270 1701 reverentia.
1314 1637 1439 1722 Regina
1454 1637 1617 1724 praecipue

410 1763 482 1827 quae
507 1741 707 1826 frequentius
733 1741 952 1826 proditionem
968 1739 1089 1818 studet,
1106 1761 1140 1804 se
1163 1739 1267 1824 ipsam
1283 1749 1384 1803 totam
1401 1740 1616 1806 familiaritate

409 1844 701 1910 commendabilem
724 1843 811 1923 iacit,
826 1843 946 1922 educit,
961 1842 1097 1921 reducit,
1114 1842 1229 1907 miscet
1255 1844 1336 1907 seria
1362 1843 1459 1921 ludis,
1485 1852 1519 1907 et
1548 1854 1617 1909 tota

411 1949 523 2034 palliat
537 1948 691 2012 comitate
705 1947 895 2032 nequitiam.
951 1945 1206 2010 Considentibus
1222 1945 1268 2010 eis
1291 1955 1324 2009 et
1339 1946 1616 2011 commorantibus

409 2052 450 2116 ad
466 2051 718 2138 propugnacula,
734 2051 818 2114 forte
834 2049 901 2113 duo
914 2049 1069 2114 videntur
1083 2047 1148 2113 albi
1163 2048 1309 2112 vultures
1327 2049 1506 2114 insidentes
1522 2051 1614 2114 cada-

408 2155 487 2229 veri,
502 2155 610 2240 magni
626 2154 758 2240 quidem
772 2163 807 2217 et
821 2152 1001 2218 secundum
1016 2151 1249 2216 informitatem
1270 2152 1366 2216 famae
1381 2174 1448 2217 suae
1466 2153 1614 2237 pulcher·

408 2257 492 2334 rimi,
502 2257 575 2321 'avis
590 2257 678 2321 enim
693 2255 911 2340 incomposita
926 2263 995 2331 est3
1024 2263 1059 2318 et
1073 2275 1147 2318 ecce
1162 2253 1280 2319 tertius
1295 2254 1407 2318 vultur
1420 2256 1568 2321 modicus
1583 2268 1616 2322 et

409 2360 501 2443 niger
516 2360 633 2445 dejecit
646 2359 737 2424 albos
752 2359 878 2444 impetu
894 2356 1001 2422 subito
1018 2367 1051 2422 et
1065 2357 1230 2441 effugavit,
1248 2357 1454 2444 obtinuitque
1470 2361 1614 2424 cadaver.

408 2461 506 2526 Ridet
520 2461 720 2540 Remelinus,
745 2471 779 2526 et
804 2462 875 2545 ipsa
901 2459 1092 2524 sollicitatur
1109 2459 1188 2545 quid
1203 2461 1288 2526 hoo?
1335 2461 1477 2526 Poenitet
1491 2463 1611 2547 ipsum,

407 2565 510 2629 celare
525 2565 670 2650 cupiens.
716 2566 792 2632 Quo
811 2563 913 2649 magis
938 2563 1012 2628 silet
1038 2564 1079 2628 ad
1104 2564 1264 2628 rationem
1279 2563 1455 2628 instantius
1469 2566 1613 2650 ponitur.

407 2668 553 2733 Foemina
580 2669 677 2746 enim,
694 2668 778 2732 sicut
792 2678 911 2731 ventus
926 2667 960 2730 in
976 2665 1144 2731 obstacula
1165 2666 1254 2744 furit,
1278 2665 1323 2731 sic
1339 2666 1434 2733 irruit
1447 2667 1482 2731 in
1498 2680 1613 2754 negata

406 2771 550 2850 consilia,
566 2781 599 2835 et
624 2772 728 2836 donec
754 2770 886 2835 evicerit
909 2792 976 2834 non
1002 2779 1054 2834 est
1074 2769 1148 2832 finis
1163 2769 1341 2835 instantiae.
1364 2771 1516 2836 Vincitur
1537 2793 1612 2857 ergo

408 2873 607 2951 Remelinus,
628 2882 663 2936 et
676 2871 794 2956 inquit,
820 2877 841 2908 “
858 2872 960 2936 Mons
975 2892 1111 2956 magnus
1126 2869 1159 2934 in
1176 2880 1262 2934 terra
1276 2892 1348 2935 mea
1364 2871 1474 2956 nigros
1498 2873 1614 2938 educat

406 2972 569 3051 vultures3
601 2994 696 3036 mons
721 2973 801 3036 alter
827 2995 866 3036 ex
894 2972 1046 3057 opposito
1072 2981 1163 3036 extra
1190 2973 1426 3058 multoplures
1451 2972 1552 3039 habet
1580 2984 1614 3039 et

405 3072 515 3155 albos3
544 3076 579 3138 in
602 3075 693 3139 omni
707 3097 784 3140 vero
800 3097 912 3140 eorum
928 3075 1084 3140 conflictu
1103 3084 1238 3160 prrestat
1259 3098 1344 3140 unus
1367 3076 1460 3161 niger
1483 3077 1611 3142 duobus

405 3176 498 3256 albis,
520 3187 558 3241 ut
580 3175 678 3241 modo
693 3176 814 3241 vidisti.
860 3176 905 3240 Et
913 3176 1003 3262 *quia
1025 3175 1173 3240 similiter
1194 3199 1279 3241 unus
1306 3200 1454 3243 meorum
1470 3181 1610 3246 militum

405 3278 533 3344 duobus
549 3280 703 3364 praevalet
718 3302 758 3344 ex
773 3280 891 3344 vestris
906 3279 941 3343 in
957 3279 1047 3344 omni
1063 3300 1239 3363 congressu
1253 3279 1343 3344 risi.''
1388 3281 1441 3346 Ad
1456 3283 1527 3348 hoec
1549 3283 1612 3362 illa,

405 3387 426 3422 “
433 3383 507 3447 Hoc
517 3383 545 3446 si
556 3404 669 3447 rerum
680 3391 740 3460 est,
749 3391 858 3445 vestro
871 3381 950 3444 satis
962 3380 1095 3466 dignum
1108 3391 1160 3445 est
1169 3381 1247 3460 risu,
1258 3393 1434 3469 nostroque
1447 3386 1610 3470 ploratu.”

403 3488 450 3552 Et
465 3489 506 3551 ad
521 3487 601 3552 alios
616 3509 693 3550 mox
708 3486 863 3551 translata
878 3506 1054 3564 sermones,
1069 3485 1222 3570 jocundis
1237 3506 1313 3550 eum
1328 3487 1437 3552 verbis
1452 3489 1611 3574 usquead

403 3590 626 3654 dimissionem
657 3587 808 3652 detinuit.
852 3587 898 3650 Et
927 3585 978 3649 his
1008 3587 1114 3650 Alano
1138 3588 1300 3652 crudelius
1326 3613 1423 3675 quam
1454 3602 1611 3678 concepta

402 3693 530 3756 fuerant
545 3713 564 3754 a
579 3689 749 3754 Remelino
764 3687 884 3766 relatis,
896 3686 1035 3771 amplius
1050 3687 1137 3751 inter
1150 3709 1207 3752 eos
1222 3689 1322 3752 filiam
1338 3691 1445 3755 cordis
1461 3693 1511 3756 sui
1527 3693 1611 3758 sedi·

401 3796 525 3861 tionem
540 3791 703 3866 accendit3
727 3792 829 3854 instat
848 3799 882 3854 et
897 3791 1023 3874 optinet
1039 3800 1077 3853 ut
1092 3791 1162 3876 ipse
1178 3813 1252 3855 curn
1267 3793 1339 3878 ipsa
1354 3794 1502 3879 proditor
1516 3795 1611 3862 inno-

402 3899 517 3963 centiae
532 3897 598 3961 fiat.
644 3896 787 3961 Centum
803 3893 928 3979 equites
949 3893 1104 3973 Francos,
1127 3895 1224 3958 armis
1240 3906 1274 3959 et
1296 3897 1480 3981 proditione
1499 3899 1611 3964 furtim

402 4003 588 4080 instructos,
604 4001 690 4064 intra
705 4008 832 4083 portam
848 3997 1041 4061 exteriorem
1056 3998 1090 4061 in
1106 4009 1218 4084 crypta
1234 4000 1389 4078 condunt,
1407 4000 1610 4067 Remelinum

401 4114 435 4168 et
450 4103 622 4186 Wigrmum
640 4102 833 4166 inclusuros.
880 4099 1053 4164 Solennius
1074 4101 1173 4185 igitur
1200 4102 1296 4165 solito
1311 4123 1433 4188 perque
1449 4104 1610 4189 digniores
