3610 4852
404 495 467 552 232
850 507 1036 551 contram
1062 507 1182 550 marus
1424 508 1545 571 [Dauno.
1557 507 1588 556 v.

401 677 441 742 de
457 699 518 741 suo
533 675 665 760 proprio
680 675 732 740 vel
748 675 788 740 de
803 675 893 754 fisco,
910 676 1082 740 sedetiam
1098 671 1233 760 singulis
1254 673 1454 756 domesticis,
1474 687 1508 741 et
1522 697 1606 762 quos

402 779 578 844 necessitas
593 788 722 862 urgeret
735 779 859 842 alienis.
905 779 976 843 Nos
993 788 1101 842 autem
1127 777 1189 842 hoc
1205 783 1340 842 comiter
1354 790 1462 842 actum
1477 779 1607 864 putavi-

403 905 486 960 mus,
503 883 560 946 sed
585 905 673 946 nuno
688 883 839 946 facetiora
853 881 948 960 fiunt,
963 892 1001 946 ut
1018 891 1136 968 putant
1150 903 1288 965 quorum
1315 892 1367 945 est
1389 905 1477 947 nunc
1491 884 1606 947 facere.

402 985 598 1049 Willielmus
611 985 651 1049 de
665 985 898 1064 Tancarvilla,*
915 1007 1062 1048 summus
1079 1006 1119 1048 ex
1134 984 1231 1048 feudo
1246 983 1329 1068 regis
1345 985 1607 1065 camerarius‚vir

401 1088 519 1153 nobilis
542 1109 670 1172 genere,
694 1087 865 1172 singularis
889 1089 998 1166 armis,
1020 1086 1144 1151 viribus
1171 1087 1371 1170 magnificus,
1397 1089 1605 1174 moribusque

401 1211 489 1254 mors
505 1190 636 1267 invidis,
651 1190 829 1254 multorum
854 1189 1059 1254 accusatione
1082 1188 1149 1273 regi
1175 1203 1287 1252 nostro
1315 1201 1486 1274 suspectus
1500 1190 1605 1254 factus

401 1305 463 1358 est.
507 1291 672 1356 Audiebat
685 1314 760 1356 eum
782 1302 853 1356 tum
868 1293 1054 1377 frequenter
1076 1313 1133 1356 rex
1159 1291 1334 1355 multarum
1356 1293 1512 1357 victorem
1527 1315 1605 1357 con-

401 1397 615 1483 gressionum,
631 1406 665 1461 et
679 1397 766 1481 quod
791 1405 878 1460 esset
898 1406 990 1480 pater
1005 1395 1150 1480 equitum
1166 1405 1200 1458 et
1212 1395 1307 1479 panis
1322 1406 1485 1480 egentum,
1502 1406 1536 1460 et
1550 1397 1604 1481 qui

401 1511 513 1585 posset
542 1498 581 1564 ad
614 1510 732 1562 nutum
767 1499 987 1584 quorumlibet
1020 1499 1117 1563 corda
1143 1508 1267 1562 mutare
1297 1509 1425 1562 tantum
1460 1499 1605 1583 exceptis

400 1601 574 1665 lividorum
590 1600 753 1680 cordibus,
769 1612 803 1665 et
816 1603 904 1687 quod
919 1597 1125 1685 acceptabilis
1148 1610 1182 1664 et
1196 1621 1289 1664 carus
1304 1610 1392 1663 esset
1406 1601 1603 1665 Francorum

400 1704 467 1789 regi
482 1705 669 1787 caeterisque
685 1703 802 1789 quibus
817 1705 888 1789 ipse
899 1703 1046 1768 timebat.
1092 1704 1286 1767 Persecutus
1299 1715 1349 1766 est
1360 1703 1464 1767 virum
1480 1703 1604 1769 bonum

400 1805 434 1868 in
451 1805 572 1883 multis,
587 1804 706 1888 dejecit
729 1807 839 1869 omnia
859 1805 1035 1890 municipia
1061 1827 1120 1869 sua
1146 1804 1239 1889 quasi
1265 1825 1386 1868 cornua
1410 1804 1471 1869 sibi
1495 1816 1605 1869 retun-

401 1909 493 1985 dens,
507 1916 542 1970 et
555 1906 642 1991 leges
665 1905 695 1970 ei
717 1906 842 1970 debitas
870 1907 1098 1990 libertatesque
1113 1905 1252 1990 negavit,
1268 1915 1302 1968 et
1316 1905 1449 1969 nimiam
1464 1905 1604 1972 inimicis

401 2009 468 2073 suis
485 2008 576 2072 dedit
588 2009 623 2072 in
646 2009 869 2094 possessiones
893 2029 968 2072 suas
983 2017 1192 2093 potestatem.
1237 2007 1313 2091 lpse
1331 2029 1405 2071 vero
1421 2008 1604 2073 dissimula-

399 2113 466 2190 bat,
482 2113 633 2178 deoenter
648 2113 775 2196 patiens
791 2114 877 2198 quod
894 2111 1076 2198 oportebat.
1117 2109 1264 2196 Contigit
1278 2122 1387 2174 autem
1398 2112 1485 2197 quod
1501 2113 1605 2177 multo

399 2227 587 2301 praeoonatu
617 2217 737 2279 festum
765 2215 829 2280 diei
862 2216 978 2278 natalis
1005 2214 1140 2278 Domini
1167 2214 1402 2299 proclamatum
1425 2215 1488 2278 fuit
1517 2216 1606 2300 apud

401 2317 585 2382 Cadomum
613 2339 633 2380 a
667 2316 802 2380 domino
828 2339 902 2402 rege
927 2316 1007 2380 fieri.
1053 2315 1285 2379 Convenerunt
1316 2337 1392 2400 ergo
1427 2316 1605 2382 multitudo

399 2443 571 2485 numerosa
596 2431 663 2484 tam
690 2421 887 2484 advenarum
913 2441 1010 2504 qnam
1035 2419 1270 2504 indigenarum,
1287 2441 1425 2505 quorum
1448 2421 1604 2506 capitales

398 2536 491 2590 erant
512 2547 568 2590 rex
594 2537 627 2590 et
649 2525 735 2588 filius
762 2526 832 2611 ejus
857 2524 1054 2588 admirabilis
1081 2524 1134 2587 ille
1160 2545 1217 2587 rex
1242 2525 1416 2604 Henricus,
1431 2535 1465 2588 et
1488 2525 1605 2589 tertius

398 2630 561 2694 Henricus
577 2629 725 2694 Saronico
749 2629 814 2692 dux
840 2640 873 2694 et
890 2628 1034 2692 Bavariae
1049 2636 1127 2691 tunc
1142 2627 1250 2706 exrrl,†
1264 2649 1362 2712 gener
1384 2627 1488 2692 nostri
1509 2628 1605 2712 regis,

397 2755 507 2797 comes
534 2733 686 2796 Pictaviae
711 2731 869 2796 Ricardus
885 2731 940 2816 qui
963 2751 1050 2804 nunc
1075 2732 1218 2814 regnat,‡
1235 2732 1302 2792 dux
1320 2729 1491 2794 Britonum
1507 2732 1606 2796 frater

398 2837 469 2920 ejus
487 2835 696 2918 eanfridus
714 2845 748 2900 et
763 2835 908 2919 episcopi
932 2834 1039 2912 multi,
1054 2855 1128 2897 cum
1144 2832 1310 2917 provincia
1333 2833 1428 2918 plena
1447 2834 1605 2898 comitum

397 2948 432 3002 et
446 2937 615 3002 baronum.
661 2937 747 3000 Cum
773 2937 871 3022 igitur
895 2937 1024 3002 adesset
1044 2937 1097 3000 die
1118 2937 1203 3000 festo
1230 2935 1346 2999 natalis
1372 2935 1506 3000 domino
1536 2937 1603 3021 regi

397 3041 452 3126 qui
468 3042 559 3104 daret
573 3062 688 3125 aquarn
704 3039 852 3104 manibus
868 3041 949 3124 ejus,
965 3061 1039 3104 ecce
1055 3061 1113 3124 per
1127 3041 1270 3103 medium
1285 3062 1446 3125 pressurae
1466 3041 1603 3124 praedio·

397 3157 450 3208 tus
466 3142 674 3220 Willielmus,
688 3164 728 3206 eo
743 3143 830 3226 quod
855 3153 943 3207 esset
968 3165 1115 3206 summus
1140 3145 1344 3221 camerarius,
1361 3143 1471 3207 multis
1487 3143 1603 3230 equiti·

397 3245 459 3310 bus
474 3257 512 3310 ut
534 3269 605 3310 mos
632 3247 702 3330 ejus
727 3256 796 3309 erat
819 3246 1003 3338 comitatus,
1019 3255 1052 3310 et
1077 3246 1162 3330 palla
1186 3249 1330 3332 projecta
1356 3247 1440 3310 sicut
1464 3269 1536 3312 mos
1552 3257 1602 3312 est

397 3350 630 3427 ministrorum,
657 3349 767 3432 pelves
791 3358 958 3433 argenteas
984 3349 1119 3434 arripuit
1145 3350 1308 3434 traxitque
1341 3350 1466 3414 fortiter
1491 3350 1533 3414 ed
1556 3371 1601 3416 se.

394 3450 542 3517 Tenebat
555 3451 609 3515 ille
623 3451 678 3514 vix
693 3472 865 3536 regemque
880 3450 1083 3536 respiciebat,
1106 3451 1162 3535 qui
1182 3451 1282 3535 jussit
1306 3473 1360 3516 eas
1381 3451 1512 3532 dimitti,
1529 3473 1601 3516 sus·

395 3555 544 3640 cepitque
570 3553 731 3638 patienter
763 3575 879 3638 aquam
914 3553 954 3618 de
987 3554 1108 3639 rapina.
1153 3553 1349 3618 Willielmus
1375 3564 1496 3634 autem,
1525 3578 1601 3620 cum

429 3768 445 3802 *
461 3767 514 3816 The
530 3773 618 3816 counts
629 3767 658 3816 of
670 3766 823 3815 Tancarville
834 3781 896 3814 were
911 3767 979 3814 here·
1045 3767 1059 3824 Ξ
1079 3765 1185 3814 Richard
1196 3772 1272 3815 count
1282 3766 1311 3815 ol
1325 3765 1437 3825 Poitiera
1453 3768 1544 3817 ucond
1555 3783 1600 3816 sou

397 3851 478 3912 ditary
489 3849 666 3898 chamberlaine
678 3848 707 3897 of
716 3848 868 3910 Normandy.
1016 3849 1044 3896 of
1054 3849 1140 3911 Henry
1153 3847 1198 3906 11,
1210 3848 1265 3896 vrho
1282 3849 1415 3897 suomeded
1434 3849 1488 3897 him
1505 3864 1539 3898 on
1558 3851 1599 3898 the

429 3933 446 3991 †
464 3931 547 3993 Henry
565 3931 606 3978 the
629 3931 702 3988 Liou,
721 3931 784 3988 vvho,
804 3931 830 3977 in
844 3931 915 3988 lieo,
936 3945 983 3978 was
1016 3930 1103 3978 throne
1114 3945 1141 3978 as
1153 3930 1259 3978 Richard
1271 3929 1291 3978 l.

396 4013 512 4075 deprived
524 4013 552 4060 ol
569 4011 608 4060 his
624 4012 763 4061 domininus
776 4011 806 4074 by
818 4011 859 4059 the
871 4026 983 4073 emperor
1051 4015 1063 4070 ξ
1082 4011 1203 4072 Geoffrey,
1218 4012 1283 4060 third
1295 4026 1340 4060 son
1351 4013 1379 4060 ol
1389 4011 1476 4076 Henry
1488 4013 1535 4072 11,
1546 4014 1598 4061 vrbo

397 4093 537 4150 Frederick,
553 4092 601 4141 and
615 4093 712 4155 obliged
729 4099 756 4141 to
768 4093 824 4140 sack
836 4107 851 4140 a
861 4092 946 4155 refuge
956 4094 981 4140 in
1014 4093 1134 4142 inherited
1145 4094 1187 4143 the
1197 4094 1279 4157 duchy
1290 4095 1318 4142 of
1337 4095 1440 4155 Britany
1452 4095 1483 4157 by
1495 4094 1534 4143 his
1545 4095 1597 4144 vite

398 4173 510 4235 Englaud
521 4179 547 4222 at
559 4175 601 4222 the
612 4181 682 4224 court
693 4176 721 4223 of
731 4175 818 4236 Henry
831 4174 867 4222 11.
1016 4175 1165 4235 Constante,
1174 4175 1292 4238 daughter
1302 4175 1331 4223 of
1340 4176 1404 4224 dulc
1416 4175 1503 4224 Com
1513 4175 1558 4224 IV.
