3608 4862
363 513 404 571 88
789 525 976 572 ausuram
1001 525 1122 571 uanas
1359 527 1478 590 [nisiae.
1493 527 1531 581 11.

359 679 513 744 defensor
527 689 560 742 et
575 677 697 743 amicus
712 675 871 756 allabitur,
888 679 973 744 Offae
990 686 1216 766 praesentatur,
1227 677 1400 764 aderatque
1420 681 1563 746 collectis

363 783 483 848 viribus
506 783 541 846 in
560 781 781 863 Collocestria,
806 784 847 847 de
865 805 928 869 qua
951 793 1060 847 natam
1085 782 1262 868 praedicant
1289 781 1477 848 Helenam*
1491 805 1564 869 quaa

360 917 489 960 crucem
503 895 640 960 Domini
654 895 806 980 repperit,
820 895 1003 980 reversique
1015 905 1093 959 sunt
1103 895 1144 958 ad
1159 916 1234 959 eum
1245 895 1364 974 nuntii,
1374 916 1452 980 pace
1462 896 1565 982 petita

361 1000 420 1064 sed
439 1008 564 1083 negata.
610 997 704 1062 Gado
724 997 822 1082 igitur
840 998 955 1062 ridens
975 999 1089 1062 faciem
1109 997 1305 1084 proeliorum,
1323 1021 1342 1062 a
1362 999 1506 1064 Domino
1529 1019 1564 1064 ae

359 1103 436 1168 illuc
461 1102 637 1166 adventum
668 1100 778 1182 sentit,
807 1101 976 1186 libensque
997 1101 1133 1187 suscipit
1158 1101 1386 1166 obedientiam.
1430 1101 1507 1166 Jam
1528 1121 1564 1166 se

360 1207 431 1270 foro
456 1214 549 1290 parat
572 1203 722 1290 pretiosis
741 1203 860 1289 quibus
882 1225 1011 1290 semper
1027 1205 1182 1270 utebatur
1199 1204 1334 1268 indutus
1354 1203 1512 1284 vestibus,
1530 1213 1565 1270 et

360 1319 492 1374 centum
507 1307 639 1394 optimis
655 1317 689 1372 et
704 1307 905 1372 electissimis
921 1308 1059 1393 stipatus
1080 1307 1255 1393 equitibus,
1273 1307 1313 1371 ad
1331 1308 1471 1372 tentoria
1488 1329 1564 1394 pro·

359 1421 453 1498 perat
462 1411 685 1497 imperatoris3
700 1410 787 1495 quod
803 1410 859 1495 qui
873 1411 997 1496 primus
1009 1421 1061 1475 est
1070 1411 1208 1475 intuitus
1223 1432 1299 1474 cum
1314 1409 1403 1474 omni
1412 1419 1564 1496 properat

361 1514 519 1580 attonitus
535 1513 746 1578 admiratione
761 1513 896 1577 nuntius
914 1513 1102 1599 imperatori
1122 1513 1202 1593 fieri,
1221 1513 1362 1598 dicitque
1383 1514 1490 1578 virum
1507 1513 1563 1578 ad·

360 1617 471 1682 venire
486 1616 675 1696 maximum,
690 1637 873 1701 respersum
889 1617 977 1681 canis
998 1616 1091 1702 quasi
1103 1617 1313 1696 semicanum,
1325 1615 1433 1681 sericis
1445 1637 1563 1680 venus-

361 1720 487 1784 tissime
515 1718 702 1783 redimitum
731 1717 889 1798 vestibus,
919 1719 1086 1784 homiuem
1111 1719 1291 1784 secundum
1316 1719 1560 1784 similitudinem

360 1823 540 1908 angelicum
555 1830 590 1886 et
604 1822 707 1906 jama
732 1822 805 1886 Deo
824 1822 1048 1907 glorificatum,
1072 1830 1106 1888 et
1127 1845 1202 1887 cum
1226 1844 1266 1887 eo
1285 1822 1411 1887 circiter
1431 1833 1562 1887 eentum

360 1926 491 2003 milites,
517 1925 609 2010 quasi
629 1947 670 1989 ex
694 1924 847 1989 omnibus
873 1925 961 1990 orbis
988 1925 1135 2012 partibus
1159 1925 1313 2011 optimos,
1337 1925 1507 2006 maximos,
1530 1933 1564 1989 et

360 2028 606 2115 pulcherrimos·
652 2027 699 2092 Et
712 2029 894 2092 notandum
909 2029 997 2113 quod
1013 2028 1109 2093 Gado
1125 2049 1253 2114 semper
1268 2028 1418 2092 adminus
1433 2037 1563 2092 centurn

363 2131 635 2197 circumducebat.
678 2131 733 2196 Ad
755 2132 817 2196 hos
843 2153 1062 2217 expavescens
1086 2132 1263 2217 imperator
1284 2152 1441 2211 rumores,
1459 2130 1562 2196 sciens

361 2236 439 2322 quid
454 2236 636 2320 contigerit,
662 2234 812 2320 stupidus
827 2235 933 2315 haesit,
954 2244 988 2300 et
1002 2236 1200 2300 consiliarios
1216 2235 1374 2299 adventus
1390 2235 1441 2299 sui
1454 2235 1563 2320 prodi-

360 2339 459 2405 tionis
474 2339 588 2425 arguit.
634 2339 680 2403 Et
695 2360 768 2404 ecce
790 2338 885 2403 Gado
905 2339 1033 2404 medius
1051 2361 1163 2404 eorum
1182 2340 1238 2419 ait,
1258 2339 1326 2404 “Si
1340 2339 1493 2423 pacificus
1507 2339 1563 2402 ad-

359 2453 478 2510 ventus
493 2442 620 2507 domini
635 2443 754 2507 summi
768 2442 958 2528 principis.''
1003 2443 1185 2529 Imperator
1196 2442 1375 2527 respondit,
1391 2445 1412 2479 “
1424 2442 1512 2510 Quid
1523 2441 1563 2506 ad

357 2559 402 2626 te,
424 2547 481 2632 qui
501 2568 660 2631 nusquam
685 2545 774 2609 dorni
796 2546 945 2610 residuus
969 2548 1025 2610 esl
1049 2546 1106 2610 sed
1126 2546 1275 2631 nunquid
1299 2557 1375 2610 tuus
1398 2546 1562 2630 ingressus

359 2649 524 2737 pacificus,
540 2649 597 2734 qui
611 2648 685 2712 lites
698 2658 732 2712 et
746 2648 831 2712 rixas
847 2649 973 2713 venaris
988 2649 1023 2713 in
1039 2648 1116 2714 orbe
1128 2649 1167 2714 ?”
1211 2650 1297 2713 Tum
1313 2649 1419 2728 Gado,
1439 2659 1478 2713 ut
1495 2657 1564 2713 erat

360 2753 410 2818 vir
418 2751 595 2815 firmissimi
605 2751 711 2815 cordis
723 2761 756 2815 et
766 2751 941 2816 immobilis
954 2775 974 2815 a
986 2753 1133 2832 veritate,
1144 2751 1261 2818 blande
1278 2751 1460 2831 subintulit,
1472 2755 1494 2788 “
1504 2751 1563 2816 Pa-

360 2855 483 2932 cificus,
494 2855 569 2937 quia
580 2875 654 2916 cum
665 2852 766 2938 gratia
782 2863 815 2916 et
829 2853 949 2920 virtute
964 2855 1027 2920 Dei
1042 2878 1106 2940 pax
1121 2855 1183 2919 erit
1193 2855 1405 2934 innocentiae5
1428 2855 1516 2939 quod
1530 2862 1564 2919 et

360 2966 548 3024 venatorem
562 2976 616 3018 me
631 2955 710 3020 dicis
722 2955 839 3034 litium,
855 2979 922 3021 non
937 2959 1060 3034 errasti,
1075 2981 1150 3022 nam
1166 2980 1219 3022 eas
1232 2958 1391 3043 investigo
1406 2957 1563 3022 sollicitus

361 3069 396 3127 et
409 3059 558 3124 inventas
574 3058 652 3122 totis
667 3069 838 3144 prosterno
853 3059 998 3140 viribus3
1021 3071 1179 3126 creatores
1194 3082 1304 3124 aarum
1320 3061 1385 3140 odi,
1401 3083 1479 3145 quas
1499 3058 1563 3124 nisi

360 3166 470 3229 fovere
493 3161 678 3226 destiterint
700 3184 767 3226 non
791 3163 940 3228 amabo.''
987 3165 1050 3228 His
1064 3164 1161 3229 dictis
1179 3164 1376 3250 papilionem
1391 3163 1562 3248 egreditur,

362 3267 429 3330 suis
445 3265 574 3330 additur
589 3265 645 3351 qui
663 3265 741 3331 soris
759 3267 983 3352 expectabant,
999 3268 1207 3353 salutansque
1223 3269 1388 3332 Romanos
1407 3265 1563 3331 abscedit.

363 3371 442 3436 Non
462 3368 595 3454 provide
610 3368 729 3433 salutat
749 3369 825 3454 quia
843 3370 954 3455 diligat
970 3392 1027 3434 eos
1047 3379 1104 3434 aut
1126 3371 1293 3436 resalutari
1312 3370 1483 3449 desideret,
1506 3368 1564 3432 sed

359 3473 456 3539 bonae
470 3472 716 3537 consuetudinis
731 3473 896 3538 reminisci
907 3475 1012 3559 juvat,
1027 3475 1136 3538 nullus
1151 3475 1238 3539 enirn
1253 3475 1348 3539 faceti
1359 3475 1458 3538 moris
1468 3473 1564 3538 omit-

359 3577 478 3643 tendus
493 3587 545 3640 est
564 3574 716 3654 calculus,
740 3575 856 3640 nefrat
874 3576 994 3642 oblivio
1014 3576 1093 3642 boni
1113 3577 1201 3662 quod
1220 3587 1287 3642 tam
1312 3577 1404 3642 facile
1426 3576 1545 3641 labitur
1552 3601 1564 3657 3

392 3781 408 3812 θ
425 3780 451 3828 lt
461 3795 510 3828 was
522 3795 554 3828 an
565 3779 605 3828 old
625 3779 774 3828 established
792 3779 879 3842 legend
890 3780 945 3830 that
979 3780 1156 3839 Constantine,
1169 3795 1234 3844 says,
1247 3783 1399 3846 Accepitqua
1410 3782 1488 3830 filiam
1499 3779 1564 3843 regis

360 3863 404 3910 the
415 3875 524 3924 cmprass
542 3861 640 3910 Helena
655 3877 704 3910 use
724 3861 767 3909 the
781 3861 901 3923 daughter
920 3861 947 3911 oi
978 3862 1117 3911 Britannici
1128 3862 1158 3911 dc
1171 3863 1321 3922 colecestre,
1339 3864 1380 3912 cui
1398 3879 1488 3912 nomen
1507 3867 1559 3910 erat

361 3957 377 3990 s
394 3941 455 4003 king
466 3942 494 3991 ol
504 3941 646 3990 Colchester
657 3941 746 3991 named
757 3941 818 3990 Coel
829 3957 858 3991 or
867 3942 943 4000 Hoel.
979 3943 1048 4003 Cael,
1061 3945 1156 3993 scilicet
1171 3943 1303 4004 Helenam,
1320 3961 1392 4008 quum
1405 3951 1513 3995 muctam
1525 3943 1564 3992 di·

362 4021 449 4085 chry
460 4023 489 4071 ol
497 4023 673 4086 Huntingdon,
683 4023 751 4072 llist.
764 4023 808 4072 lib.
820 4025 838 4072 i.
851 4040 877 4087 p.
885 4024 943 4085 306,
980 4027 1069 4085 cimus,
1082 4031 1108 4076 et
1117 4027 1203 4091 genuit
1213 4042 1243 4076 er
1251 4041 1280 4076 ea
1289 4027 1479 4078 constantinum
1490 4027 1564 4092 Mag·

361 4103 481 4168 speaking
506 4103 534 4152 ol
555 4103 729 4164 Constantius,
754 4105 796 4154 the
817 4106 899 4156 father
923 4106 952 4154 of
981 4121 1051 4158 num.
