3610 4852
250 512 360 576 espa]
622 515 666 558 oa
691 517 801 560 soors
825 517 1049 563 conracius.
1376 503 1436 562 221

232 704 323 762 num,
349 687 495 770 profecto
511 685 538 750 si
553 686 676 771 digredi
690 687 767 752 licet
781 687 833 752 hic
850 710 916 752 non
932 689 972 752 ad
985 687 1173 774 jactantiam
1197 687 1254 753 sed
1277 687 1317 752 ad
1332 687 1436 752 lucem

235 783 394 851 bonorum
410 809 557 874 operum,
573 789 739 854 Lodovico
764 787 831 854 filio
849 789 965 855 Grossi
980 791 1102 868 retulit,
1125 791 1213 856 etad
1232 790 1317 856 diem
1345 813 1436 854 suam

232 910 417 972 supremam
430 891 596 976 supprimi.
609 891 832 956 testimonium
857 893 1044 978 postulavit.
1090 893 1254 978 Leprosos
1275 891 1381 956 loetius
1404 902 1438 958 et

230 991 384 1057 libentius
413 994 588 1059 exhibebat
618 1017 714 1080 quam
744 993 824 1058 alios
853 1017 1011 1082 pauperes
1047 1018 1121 1061 cum
1161 995 1313 1061 omnibus
1350 1007 1437 1060 essct

230 1094 362 1160 amicus.
407 1097 487 1160 Illos
503 1105 610 1160 autem
631 1097 705 1162 ideo
720 1097 875 1183 praecipui
891 1098 966 1182 quia
981 1107 1103 1184 quanto
1119 1109 1197 1163 sunt
1212 1096 1435 1182 despicabiles,

229 1199 387 1282 abjectius
413 1209 447 1264 et
471 1199 717 1264 intollerabilius
739 1200 890 1284 improbi,
915 1209 1007 1266 tanto
1038 1224 1073 1266 se
1104 1210 1213 1287 sperat
1242 1200 1434 1285 obsequium

229 1311 382 1386 praestare
397 1303 470 1368 Deo
485 1303 666 1388 placentius
682 1313 716 1368 et
734 1305 942 1369 affectuosius
967 1305 1144 1390 acceptari3
1166 1305 1265 1390 pedes
1287 1305 1333 1368 cis
1348 1304 1435 1369 lavat

228 1415 262 1470 et
283 1406 391 1491 tergit,
411 1428 599 1492 magnaeque
623 1429 747 1472 memor
762 1408 978 1492 Magdalenae,
995 1409 1083 1493 quod
1105 1409 1176 1493 ipsa
1201 1408 1377 1493 complevit
1398 1409 1432 1472 in

228 1528 362 1591 corpore
386 1507 560 1586 dominico,
581 1509 718 1572 devotus
738 1509 791 1573 hic
807 1510 961 1574 membris
977 1511 1048 1596 ejus
1064 1510 1260 1595 exsequitur.
1306 1511 1372 1574 Sed
1386 1510 1433 1574 ibi

227 1609 333 1674 vitalis
349 1611 429 1676 odor
444 1623 477 1677 et
492 1612 628 1677 dulcedo
644 1634 700 1676 cor
714 1613 880 1678 attrahens
896 1635 1032 1698 caroque
1049 1612 1281 1692 mundissima3
1302 1613 1430 1676 lethalis

227 1713 279 1779 bio
294 1715 390 1779 foetor
403 1725 437 1780 et
451 1715 631 1780 amaritudo
648 1737 858 1801 corrumpens
874 1725 907 1780 et
919 1717 1025 1781 sanies
1040 1717 1195 1782 ulcerosa.
1240 1716 1368 1780 Domos
1383 1716 1429 1780 eis

226 1839 284 1902 per
299 1818 391 1882 villas
417 1817 625 1883 construebat
645 1819 803 1904 proprias,
818 1829 875 1884 aut
899 1821 997 1884 simul
1019 1819 1180 1906 aliquibus
1203 1829 1262 1882 aut
1284 1841 1430 1884 seorsum

225 1920 330 1999 alicui,
349 1921 529 2007 quibusque
551 1921 703 1987 victualia
726 1923 912 2008 providens.
958 1923 1073 1987 Unum
1095 1933 1204 1986 tamen
1227 1922 1430 2006 singulariter

224 2024 392 2089 excolebat
416 2025 594 2090 solitarium
617 2026 652 2088 in
672 2035 789 2110 tegete,
805 2025 860 2110 qui
887 2047 962 2089 cum
985 2025 1019 2088 in
1033 2025 1249 2110 prosperitate
1264 2025 1428 2090 extitisset

224 2129 404 2192 secundum
419 2129 612 2214 exigentiam
627 2128 798 2214 probitatis
814 2139 847 2192 et
875 2129 1056 2192 stemmatis
1080 2149 1225 2214 purpura
1250 2127 1369 2191 nobilis
1393 2139 1427 2192 et

223 2231 324 2312 bisso,
340 2233 417 2298 satis
433 2234 467 2296 in
482 2233 571 2318 lepra
585 2233 648 2296 fuit
661 2242 796 2317 utraque
812 2231 949 2317 dignior.
996 2232 1061 2296 Hic
1083 2231 1170 2296 enim
1193 2241 1243 2294 est
1264 2232 1428 2315 generosi-

222 2336 299 2400 tatis
329 2337 485 2411 incessus,
512 2346 551 2399 ut
582 2336 616 2400 in
647 2359 756 2400 rerum
785 2346 959 2420 augmento
983 2345 1106 2400 crescat
1128 2335 1304 2412 humilitas,
1330 2344 1364 2398 et
1392 2334 1426 2398 in

222 2439 386 2504 attritione
401 2439 557 2526 patientia
571 2439 751 2504 roboretur.
795 2439 910 2503 Virum
933 2439 1020 2503 bunc
1036 2460 1164 2522 semper
1179 2437 1250 2501 illac
1264 2438 1425 2502 transiens

221 2541 373 2606 visitabat
387 2564 496 2607 comes
511 2543 679 2620 attentius,
690 2542 760 2626 ejus
776 2551 872 2605 utens
889 2541 960 2605 utili
975 2541 1122 2606 consilio.
1154 2541 1301 2624 Contigit
1315 2551 1423 2605 autem

221 2645 392 2731 aliquando
407 2647 552 2710 visitanti
569 2646 748 2710 secundum
772 2667 897 2710 morem
920 2667 994 2708 cum
1018 2645 1141 2722 comiti,
1155 2644 1244 2729 quod
1258 2644 1366 2730 ipsum
1381 2645 1423 2708 ad

220 2759 358 2814 mortem
373 2749 552 2814 invenisset
566 2749 742 2826 infirmum,
762 2748 980 2834 precepitque
1000 2748 1170 2833 proposito
1185 2747 1304 2811 villulae
1319 2749 1423 2832 quati·

218 2876 281 2917 nus
304 2876 413 2918 curam
436 2853 506 2937 ejus
530 2852 657 2938 egisset.
717 2853 798 2916 Post
823 2851 946 2937 aliquot
974 2861 1082 2916 autem
1107 2850 1176 2915 dies
1202 2872 1327 2915 memor
1349 2853 1421 2936 ejus

218 2978 366 3022 reversus
392 2967 444 3021 est
479 2957 520 3020 ad
552 2965 703 3041 tegetem,
724 2956 869 3019 clausum
896 2954 983 3039 quod
1008 2954 1132 3039 reperit
1164 2954 1286 3018 ostium
1314 2955 1423 3038 pulsat

218 3059 381 3122 incassum
415 3058 543 3136 domus,
573 3058 630 3121 sed
660 3068 694 3122 et
718 3079 841 3120 moram
866 3057 944 3122 fecit
965 3057 1053 3120 ultro
1076 3057 1179 3121 donec
1202 3078 1314 3120 omnes
1337 3058 1422 3122 ultra

217 3173 361 3227 remotos
390 3161 489 3226 videt.
549 3160 728 3226 Descendit
756 3161 854 3245 igitur
883 3171 917 3226 et
944 3161 1063 3225 iterum
1093 3161 1228 3246 pulsans
1257 3161 1422 3225 humiliter

216 3266 338 3344 intulit,
354 3271 374 3302 ‘⁶
386 3265 520 3329 Amicus
536 3277 643 3328 vester
657 3263 840 3328 Tcobaldus
856 3265 949 3348 petit,
961 3263 988 3326 si
1003 3263 1072 3327 fieri
1087 3273 1208 3349 potest,
1219 3277 1257 3326 ut
1271 3278 1418 3348 apertum

216 3371 259 3434 sit
273 3371 303 3435 ei
318 3369 471 3434 ostium.''
516 3368 627 3453 Surgit
649 3366 703 3432 ille
725 3365 885 3452 bonisque
909 3365 1016 3428 verbis
1041 3375 1075 3430 et
1093 3364 1187 3428 vultu
1205 3365 1299 3427 laetua
1319 3387 1418 3450 appa-

214 3473 290 3552 ruit,
317 3471 453 3555 benigne
485 3469 630 3554 suscipit,
656 3479 690 3534 et
714 3490 811 3553 quem
837 3467 962 3532 afficere
988 3469 1102 3532 loetore
1127 3466 1250 3530 solebat
1274 3466 1417 3532 ulcerum

214 3575 406 3640 suavissimo
429 3573 531 3637 reficit
556 3573 655 3637 odore
678 3573 928 3658 pigmentorum.
974 3571 1115 3634 Miratur
1141 3569 1266 3648 consul,
1282 3578 1315 3634 et
1340 3592 1418 3655 sup-

214 3679 326 3766 primit
357 3680 431 3744 hoc.
485 3676 612 3744 Quaerit
640 3688 750 3741 utrum
782 3675 866 3740 bene
891 3675 1100 3740 convaluerit.
1157 3673 1217 3738 Ille
1247 3674 1416 3757 respondit

214 3785 345 3869 optime,
361 3783 506 3868 petitque
530 3781 718 3867 suppliciter
732 3789 770 3843 ut
783 3779 959 3865 praeposito
976 3778 1140 3856 benefiat,
1155 3799 1193 3840 co
1209 3777 1296 3861 quod
1317 3777 1415 3842 devo·

212 3899 266 3951 tus
282 3887 311 3952 ei
326 3889 439 3951 luerat.
484 3885 596 3950 Laetus
612 3885 687 3948 inde
698 3882 905 3948 Theobaldus
915 3880 1196 3947 benedictionibus
1212 3881 1282 3965 ejus
1298 3881 1415 3946 devote

212 3991 392 4054 conductus
411 3991 488 4068 exit,
514 3988 706 4073 obviamque
728 3986 940 4072 praepositum
964 3985 1098 4064 babens,
1120 3985 1302 4069 impensam
1327 4006 1414 4070 aegro

211 4115 320 4158 curam
335 4093 455 4171 laudat,
469 4102 503 4157 et
527 4092 655 4175 dignam
673 4091 775 4155 multa
789 4089 1000 4156 retributione
1016 4099 1163 4154 testatur.
1209 4088 1272 4153 Cui
1288 4110 1413 4174 praepo-

212 4198 303 4276 situs,
330 4198 515 4275 “Domine,
542 4205 705 4281 praecepto
729 4203 838 4260 vestro
864 4193 988 4258 viventi
1018 4194 1065 4257 lui
1088 4192 1166 4256 satis
1190 4191 1354 4270 'assiduus
1381 4205 1414 4258 ct
