3650 4852
390 515 410 574 4
782 493 786 502 ¹
822 532 1012 580 ouaurnnr
1037 533 1158 578 naras
1423 529 1579 595 [unuani.

389 689 487 766 genta
507 683 561 750 rel
583 685 723 770 amplius
748 693 825 752 aute
843 686 988 753 laborem
1011 691 1046 752 et
1071 685 1227 750 dolorem.
1270 683 1344 749 Nos
1373 693 1483 750 autem
1506 703 1595 748 nunc

390 786 596 871 septuaginta
629 809 697 852 non
731 789 884 854 duramus
908 789 1089 868 indemnes,
1122 787 1189 852 imo
1213 786 1323 851 statim
1348 795 1522 872 postquam
1544 785 1596 850 in·

389 887 572 972 ceperimus
588 911 700 975 sapere
711 891 793 956 mori
808 891 954 977 cogimur
962 900 1019 955 aut
1030 889 1188 976 desipere.
1217 889 1336 968 Terrae,
1348 888 1500 967 maris,et
1511 887 1594 952 aeria

390 988 567 1057 animantia
591 1002 710 1078 praeter
731 994 881 1060 homiues
902 993 1054 1080 qualibet
1076 1015 1115 1058 ea
1129 1014 1192 1078 qua
1207 1001 1314 1057 creata
1328 999 1407 1056 sunt
1429 991 1496 1058 viu
1517 1013 1596 1076 gau·

391 1093 487 1160 diunt
500 1104 535 1161 et
548 1097 735 1179 virtutibus,
750 1100 842 1185 quasi
856 1121 923 1164 non
935 1097 1125 1162 deciderunt
1136 1119 1155 1160 a
1168 1095 1270 1182 gratia
1285 1093 1458 1159 creatoris.
1505 1093 1595 1160 Quid

390 1205 501 1263 autem
511 1199 575 1264 hoc
589 1211 650 1282 est,
658 1201 722 1266 nisi
736 1201 824 1288 quod
833 1202 905 1287 ipsa
911 1200 1038 1287 jussam
1047 1208 1161 1265 tenent
1170 1197 1399 1277 obedientiam,
1413 1218 1475 1261 nos
1489 1195 1595 1282 ipsam

391 1296 434 1364 ab
447 1299 541 1366 initio
557 1303 751 1388 spernimus.
795 1304 906 1369 Multo
930 1302 1105 1368 desolatius
1131 1301 1308 1366 dolendum
1327 1300 1422 1365 nobis
1442 1300 1596 1385 estquod

391 1401 554 1469 stantibus
568 1404 729 1471 universis
744 1406 805 1471 soli
819 1407 983 1471 daemones
995 1415 1030 1470 et
1040 1426 1101 1470 nos
1112 1403 1298 1486 cecidimus,
1310 1403 1399 1489 quod
1410 1402 1596 1468 seductores

391 1513 523 1570 nostros
532 1505 691 1573 habemus
706 1509 822 1589 socios,
840 1510 928 1594 quod
948 1517 1059 1573 nostra
1073 1529 1134 1573 nos
1148 1507 1182 1571 in
1197 1506 1390 1573 brevitatem
1412 1507 1542 1572 virtutis
1562 1517 1597 1574 et

391 1606 468 1672 ritoe
481 1608 648 1676 damnarit
654 1611 818 1699 iniquitas,
832 1623 866 1678 et
874 1635 913 1678 ex
923 1611 1103 1678 imitatione
1112 1609 1209 1698 primi
1217 1610 1361 1695 pessimi.
1407 1609 1491 1677 Quis
1505 1609 1597 1675 adin·

390 1709 484 1774 venit
496 1713 701 1779 metallorum
721 1717 954 1795 decoctionem,
976 1713 1107 1780 alterius
1131 1713 1167 1777 in
1192 1712 1330 1778 alterum
1352 1712 1596 1778 reductionem?

393 1811 467 1895 quis
504 1813 677 1881 dumssima
713 1839 848 1904 corpore
883 1816 975 1881 flexit
1011 1815 1046 1880 in
1071 1815 1253 1902 liquorem?
1287 1815 1360 1901 quis
1383 1837 1597 1882 marmoream

394 1914 591 1982 soliditatem
616 1920 704 1984 fusili
731 1920 867 2007 plumbo
891 1920 991 1986 secari
1013 1919 1147 1985 docuit?
1184 1919 1256 2005 quis
1278 1918 1359 1982 hirci
1384 1917 1597 2004 sanguinibus

391 2016 597 2085 adamantem
613 2022 729 2108 subjici
744 2023 956 2109 comperiti*
977 2022 1051 2108 quis
1072 2021 1194 2086 silicem
1217 2020 1371 2086 conflarit
1394 2021 1429 2085 iu
1450 2021 1596 2086 riuum?

394 2115 491 2184 Certe
505 2143 572 2186 non
586 2145 669 2189 nos:
691 2147 759 2190 non
785 2125 1031 2210 comprehendit
1055 2123 1244 2210 hujusmodi
1270 2123 1474 2210 septuaginta
1496 2123 1598 2188 curri·

390 2221 501 2288 culum
515 2247 686 2295 annorum.
730 2227 797 2293 Sed
821 2227 877 2313 qui
903 2227 1116 2313 septingentis
1130 2237 1188 2292 eut
1202 2226 1396 2311 octingentis
1410 2247 1522 2292 vacare
1537 2247 1596 2314 po·

423 2441 439 2472 ⁸
455 2441 736 2510 Thialegendiaiouad
754 2449 782 2500 in
800 2449 881 2514 Pliny,
903 2449 973 2500 Hiat.
1007 2461 1096 2513 parvae
1107 2447 1345 2510 transdoromam,
1356 2446 1467 2496 atcerni
1478 2446 1520 2496 rix
1536 2459 1596 2510 poe-

391 2521 452 2572 Nat.
464 2525 508 2574 lib.
519 2529 611 2578 mvii.
623 2545 647 2580 c.
658 2534 684 2580 4.
718 2533 737 2562 ¹¹
747 2530 873 2595 Siquidem
883 2531 973 2580 illalu-
1007 2531 1067 2580 aiut.
1101 2529 1260 2594 Expetuntur
1270 2545 1286 2578 a
1296 2527 1468 2592 scalptoribus,
1479 2527 1596 2592 ferroque

390 2603 456 2652 ricta
465 2607 503 2654 ris
514 2608 617 2658 duanam
628 2609 813 2662 violentissimae
826 2617 921 2661 naturae
932 2627 972 2661 re·
1006 2611 1176 2670 includuntur,
1192 2611 1287 2660 nullam
1297 2625 1347 2660 nou
1359 2609 1474 2658 duritiam
1486 2625 1516 2658 ea
1527 2608 1597 2658 sacili

391 2699 447 2734 rum
464 2686 523 2735 ferri
541 2690 655 2753 ignisque
678 2693 854 2757 contemptrix,
876 2693 974 2743 hircino
1007 2695 1148 2742 carautea.''
1180 2693 1227 2742 See
1251 2692 1305 2740 aleo
1334 2691 1443 2750 Solinus,
1472 2689 1594 2753 Polyhiet.

390 2768 516 2829 rumpitur
526 2771 653 2833 sauguine,
662 2787 708 2823 uec
715 2774 787 2824 aliter
797 2789 870 2838 quam
881 2774 975 2824 receuti
1007 2789 1029 2824 c.
1042 2775 1082 2823 52.
1117 2773 1150 2822 lu
1160 2773 1203 2823 tha
1221 2773 1335 2822 metrical
1354 2772 1454 2822 naun
1472 2787 1507 2821 ou
1523 2785 1594 2836 genre

390 2847 520 2912 calidoque
531 2860 662 2914 maoerata,
674 2860 700 2904 et
716 2856 752 2904 ric
771 2871 870 2920 quoque
888 2856 974 2906 multia
1006 2855 1135 2920 publialred
1152 2855 1185 2920 by
1203 2855 1349 2913 Marbodue,
1372 2853 1421 2902 aud
1448 2869 1477 2903 eo
1504 2853 1594 2918 widely

390 2927 491 2990 l⁰tlb¹¹⁸2
503 2936 564 2980 tune
575 2933 659 2995 etiam,
681 2943 845 3001 preterquam
861 2938 973 2998 uiniae,
1006 2938 1110 3001 popular
1129 2939 1156 2986 iu
1173 2937 1216 2988 the
1233 2937 1327 2986 middle
1344 2950 1412 2998 agee,
1428 2949 1466 2984 πο
1478 2935 1541 2985 hare
1553 2935 1596 2985 the

392 3008 495 3061 incudes
505 3013 655 3078 mallemque
666 3017 759 3068 ierreoe
777 3019 894 3084 frangam
912 3054 919 3069 .
939 3054 947 3069 .
965 3053 973 3070 .
1006 3018 1134 3083 following
1151 3019 1216 3068 lines
1233 3033 1268 3069 ou
1285 3018 1338 3068 thia
1352 3015 1457 3080 subject,
1469 3017 1595 3082 evidently

391 3095 484 3141 etcum
495 3093 600 3146 feliciter
610 3113 725 3164 rumpere
743 3102 858 3166 contigit.
876 3102 904 3152 in
922 3107 974 3152 tam
1007 3101 1083 3150 taken
1094 3100 1161 3151 from
1173 3101 1297 3166 Pliny:-

620 3215 637 3242 ¹¹
651 3213 748 3264 Ultima
757 3217 909 3282 precipuum
920 3233 998 3281 genua
1011 3217 1083 3268 ludia
1093 3217 1143 3268 sert
1154 3217 1302 3278 adamantis,

651 3293 687 3344 Et
696 3297 859 3347 miatassmm
870 3305 957 3348 natum
967 3304 1142 3364 sumptumque
1153 3299 1259 3349 metallis

651 3375 727 3426 Hunc
736 3378 773 3427 ita
782 3378 918 3442 fulgentem
929 3381 1063 3430 nundina
1073 3381 1154 3430 reddit
1165 3380 1245 3443 origo,

650 3455 690 3507 Ut
700 3457 833 3524 ferruginei
843 3476 894 3511 non
906 3463 1002 3513 desinat
1011 3478 1066 3513 eeae
1076 3462 1166 3514 coloris
1175 3481 1182 3511 ι

652 3536 731 3602 Cujus
742 3541 845 3592 durities
855 3543 1003 3594 solidissima
1013 3543 1100 3594 cedere
1114 3542 1203 3600 aaut·

652 3619 753 3672 Ferrum
765 3627 925 3673 contemnens
935 3623 1054 3687 nulloque
1064 3623 1193 3673 domabilis
1203 3623 1269 3686 igue.

653 3701 715 3754 Quae
726 3709 809 3753 tamen
820 3705 916 3754 hircino
928 3705 1045 3755 calefacta
1056 3719 1143 3756 cruore
1153 3704 1261 3764 fatiscit3

651 3785 753 3836 incudis
764 3785 853 3835 &anuo
864 3803 1087 3852 percussorumque
1097 3787 1191 3838 labore.

653 3867 735 3930 liujus
746 3867 890 3930 fragmentis
901 3884 1004 3932 gemmae
1016 3869 1164 3932 sculpuntur
1174 3867 1263 3918 acutis.

650 3947 700 4000 llic
711 3948 755 3998 sed
765 3949 873 3998 avellana
884 3950 962 4013 major
972 3965 1036 4001 nuce
1047 3964 1098 4000 uon
1106 3946 1256 4014 reperitur.”

1152 4061 1270 4114 Marbodi
1280 4061 1399 4114 ldberde
1411 4061 1530 4123 eannu,
1544 4066 1558 4122 ς
1572 4066 1595 4112 l.
