3650 4852
365 455 410 514 30
800 465 988 512 coxarum
1012 463 1134 509 naras
1394 462 1515 526 maure.
1530 463 1552 512 1.

366 619 510 685 cundum
524 640 613 684 arma
633 618 686 684 vel
708 617 813 683 officia
837 618 966 704 signum
989 617 1093 682 crucis
1116 624 1173 680 aut
1198 613 1293 701 clipei
1315 615 1451 680 modurn
1475 614 1571 700 ponit

366 723 586 801 distinctione,
601 721 684 786 circa
698 721 878 786 castitatem
894 721 962 786 suis
977 729 1010 784 et
1019 719 1228 785 sobrietatem
1237 718 1362 782 asserit.
1395 717 1489 782 Inter
1498 717 1568 783 haec

366 847 479 890 eorum
493 824 596 902 initia,
611 823 728 888 accidit
742 824 830 909 quod
844 823 976 908 quidam
994 844 1035 886 ex
1064 820 1269 899 Christianis,
1289 820 1382 884 miles
1402 819 1567 885 altissimae

365 930 461 992 fama
475 937 584 1007 notus,
600 926 656 1011 qui
669 927 803 1010 paganis
815 936 849 991 et
862 948 922 1011 pro
932 926 1110 990 interfectis
1122 925 1163 989 ab
1179 946 1218 990 eo
1233 923 1382 1010 plurimis
1393 932 1566 1008 parentum

365 1040 400 1096 et
425 1029 602 1096 amicorum
625 1028 761 1108 inrisus,
786 1029 924 1095 fortuitu
949 1037 1064 1113 captus
1081 1027 1122 1092 ab
1148 1029 1195 1092 eis
1211 1028 1252 1092 ad
1268 1027 1413 1112 stipitem
1438 1027 1569 1091 ducitur

364 1133 496 1212 essenti,
511 1154 552 1197 ex
566 1131 730 1197 nobilibus
745 1133 839 1198 multi
855 1133 1054 1218 sagittantes,
1069 1130 1125 1215 qui
1152 1129 1295 1214 singulos
1321 1130 1405 1194 ictus
1431 1129 1567 1215 singolis

365 1245 510 1300 emerant
524 1257 543 1298 a
557 1256 630 1320 rege
642 1235 772 1299 talentis
786 1235 821 1298 in
836 1235 1001 1320 sanguinis
1016 1235 1141 1298 ultione
1156 1233 1251 1297 effusi
1260 1255 1300 1298 ex
1316 1233 1395 1297 suis.
1428 1232 1567 1297 Astabat

365 1339 395 1405 ei
409 1359 477 1418 rex,
488 1338 621 1422 cupiens
637 1360 713 1402 eum
728 1337 788 1401 sibi
804 1323 833 1402 si
848 1347 998 1424 negasset
1012 1337 1234 1415 confoederari,
1245 1337 1328 1401 etad
1340 1358 1437 1401 omne
1447 1337 1566 1401 vulnus

364 1441 498 1506 adulans
508 1441 704 1506 omnimodis
713 1462 788 1505 eum
798 1441 1012 1526 attemptabat
1020 1442 1157 1520 allicere,
1167 1461 1264 1524 quem
1272 1450 1311 1503 ut
1319 1447 1389 1504 tota
1397 1439 1480 1504 vidit
1489 1461 1566 1504 con-

365 1545 485 1610 stantia
502 1543 632 1623 fortem,
658 1545 764 1607 adhuc
778 1565 845 1607 non
862 1544 1006 1629 dejectus
1021 1567 1041 1609 a
1059 1567 1117 1630 spe
1140 1545 1285 1609 solutum
1299 1543 1456 1608 reservari
1466 1541 1567 1628 jussit

363 1657 398 1713 et
412 1646 526 1725 curari,
541 1645 708 1730 multoque
722 1645 897 1711 luctamine
913 1647 968 1712 diu
992 1659 1127 1714 conatus
1151 1657 1268 1712 votum
1292 1647 1418 1732 exequi,
1440 1646 1566 1712 defrau-

363 1750 476 1813 datum
492 1769 528 1812 se
543 1747 643 1824 dolet,
658 1747 733 1832 quia
747 1757 819 1811 tum
833 1748 943 1834 ipsum
958 1750 1110 1815 dominus
1132 1772 1193 1835 pro
1208 1771 1273 1834 quo
1287 1749 1475 1834 patiebatur
1495 1772 1567 1835 gra-

362 1851 485 1916 tiosum
500 1849 530 1914 ei
545 1849 674 1928 fecerat,
689 1849 822 1934 cupiens
838 1872 914 1915 eum
928 1851 1056 1915 liberari
1071 1851 1112 1916 ab
1127 1851 1354 1936 expectatione
1379 1862 1446 1917 tam
1470 1875 1565 1920 saevae

363 1951 509 2018 ultionis.
556 1951 697 2016 Puerum
719 1951 807 2016 enim
825 1953 855 2017 ei
877 1952 1059 2039 designavit
1072 1975 1113 2018 ex
1128 1953 1261 2019 nomine
1277 1977 1373 2040 quem
1389 1955 1566 2022 Christiani

362 2056 486 2122 victum
500 2054 665 2120 habebant
678 2077 852 2140 paganum,
865 2077 926 2140 pro
941 2078 1006 2140 quo
1022 2078 1057 2121 se
1068 2056 1278 2122 dimissurum
1289 2079 1363 2122 eum
1374 2059 1566 2142 spondebat,

363 2159 596 2242 dominumque
633 2179 729 2220 suum
753 2156 886 2240 petebat
908 2157 1056 2224 obsidem
1089 2181 1149 2244 pro
1174 2160 1315 2225 redditu.
1370 2162 1446 2226 Hoc
1471 2162 1564 2226 miles

276 2347 277 2350 Ἴ
361 2272 458 2348 pacto
472 2261 654 2327 Jerusalem
668 2259 762 2346 petit,
777 2261 957 2347 ederetque
978 2283 1087 2348 regem
1110 2285 1206 2327 suum
1230 2265 1318 2349 quod
1338 2266 1447 2350 egerit.
1493 2266 1565 2330 Rex

360 2365 459 2450 igitur
487 2374 522 2428 et
546 2365 651 2430 clerus
673 2373 707 2428 et
731 2364 873 2448 populus
897 2364 1009 2429 laudes
1034 2365 1178 2430 Domino
1205 2366 1356 2431 solennes
1380 2377 1481 2454 agunt
1503 2389 1565 2453 pro

361 2467 545 2552 receptione
557 2466 640 2530 tanti
651 2464 857 2549 coadjutoris.
880 2467 927 2530 At
937 2476 976 2530 ut
986 2467 1079 2532 miles
1092 2469 1217 2553 accepit
1228 2491 1364 2552 puerum
1376 2471 1564 2553 decessisse,

360 2570 502 2636 reditum
516 2578 609 2655 parat
622 2569 663 2632 ad
679 2568 765 2632 diem
781 2577 951 2633 statutum.
997 2571 1176 2636 Prohibent
1190 2572 1253 2637 hoc
1267 2572 1337 2637 fieri
1346 2595 1403 2636 rex
1411 2585 1446 2637 et
1456 2583 1563 2638 totum

361 2671 584 2737 universaliter
599 2691 746 2754 regnum,
760 2679 794 2734 et
808 2669 994 2736 absolutum
1008 2694 1028 2736 a
1053 2674 1233 2758 patriarcha
1256 2675 1414 2756 detinent,
1438 2678 1564 2758 missas,

362 2773 566 2852 elemosinas,
581 2781 615 2836 et
629 2771 782 2857 quicquid
797 2772 837 2836 ad
852 2773 1042 2858 hujusmodi
1055 2776 1313 2862 redemptionem
1327 2780 1479 2864 pertinet,
1489 2803 1566 2865 pro·

361 2876 433 2940 fuse
448 2874 696 2960 promittentes3
721 2882 755 2938 et
769 2895 843 2938 cum
859 2874 906 2940 sic
920 2885 1034 2959 posset
1055 2876 1189 2943 domino
1212 2891 1370 2965 quantum
1395 2881 1566 2947 videbatur

363 2977 523 3056 satisfieri,
537 2977 585 3041 nil
598 2976 646 3041 illi
662 2977 740 3042 satis
755 2986 816 3056 est,
830 2977 1092 3065 promissumque
1106 2991 1199 3065 parat
1212 2984 1363 3050 reditum.
1408 2986 1508 3052 Quod
1526 2996 1566 3051 ut

362 3079 430 3145 suis
443 3080 599 3160 innotuit,
613 3079 723 3164 ipsum
737 3080 901 3146 communi
918 3081 1055 3147 consilio
1070 3093 1202 3148 secrete
1217 3086 1274 3150 sed
1289 3087 1436 3152 honestas
1461 3087 1564 3175 depu-

361 3191 435 3247 tant
449 3181 615 3261 custodiae,
630 3181 734 3246 donec
756 3181 825 3246 dies
847 3182 971 3247 reditus
995 3184 1150 3266 elabatur,
1176 3197 1215 3251 ut
1239 3189 1324 3254 facta
1349 3192 1565 3276 promissione

360 3305 428 3348 non
442 3283 589 3349 videatur
603 3284 689 3347 ultra
701 3284 804 3349 teneri
819 3285 860 3349 ad
876 3285 1078 3351 solvendum.
1124 3288 1271 3355 Sustinet
1284 3291 1349 3372 ille,
1361 3293 1413 3358 vel
1427 3295 1564 3361 evadere

360 3408 439 3453 casu
453 3407 586 3471 sperans
597 3387 649 3451 vel
660 3386 765 3472 aliqua
774 3387 1014 3473 dispensatione
1023 3389 1154 3471 dimitti,
1167 3393 1270 3459 donec
1279 3395 1366 3459 diem
1377 3397 1564 3481 proximum

360 3493 461 3573 videt,
473 3501 506 3558 et
520 3501 599 3558 tunc
614 3490 790 3577 desperans
804 3491 839 3557 in
848 3492 1077 3558 adinventione
1089 3493 1169 3558 exiit
1179 3497 1348 3577 mendacii,
1361 3498 1565 3587 spondetque

362 3595 540 3662 certissime
554 3593 772 3675 residentiam,
788 3593 965 3662 dummodo
988 3595 1051 3660 sibi
1077 3597 1246 3662 solvantur
1267 3600 1421 3684 pollicita.
1465 3603 1566 3670 Liber

361 3699 459 3786 igitur
474 3699 514 3764 ad
530 3698 885 3764 omnium‘exitlaudes
911 3706 945 3764 et
966 3699 1094 3784 gaudia,
1119 3708 1279 3786 nocteque
1305 3703 1454 3787 sequenti
1477 3703 1564 3770 viam

362 3801 484 3888 arripit,
498 3812 712 3889 properatque
728 3801 806 3866 totis
820 3801 944 3867 viribus
959 3822 1001 3866 ne
1016 3800 1238 3868 committatur
1253 3801 1351 3868 obses
1360 3802 1519 3885 amabilis,
1530 3815 1565 3872 et

362 3924 423 3989 pro
437 3913 584 3988 tempore
599 3902 801 3989 singulariter
812 3912 846 3968 et
859 3903 894 3968 in
910 3925 1022 3969 mense
1044 3901 1196 3967 terribilis
1211 3904 1443 3989 expectabatur
1457 3929 1476 3970 a
1489 3929 1565 3994 rege

365 4027 426 4072 suo
440 4016 475 4072 et
488 4006 529 4072 ab
540 4007 700 4074 ultoribus
716 4006 938 4094 expetebatur.
973 4007 1121 4092 Cumque
1136 4007 1240 4072 iactus
1255 4016 1342 4072 esset
1356 4029 1414 4073 rex
1430 4009 1514 4074 olam
1529 4009 1564 4077 in
