3610 4852
389 569 454 625 220
825 576 1013 621 ounnrnnr
1037 575 1157 620 uaros
1393 573 1514 638 [birtine.
1528 574 1560 622 v.

388 751 513 814 reducit
537 748 674 834 equites,
696 748 882 812 incensores
908 754 1049 823 revocat,
1080 743 1258 828 solutisque
1285 742 1444 807 machinis
1474 743 1592 808 reverti

389 863 552 938 properat.
596 853 689 916 Tunc
712 849 825 936 utique
851 850 906 935 qui
923 871 956 913 se
974 847 1184 933 sapientiores
1200 857 1372 911 autumant
1387 847 1593 911 stomachan-

389 966 452 1034 tur,
468 956 501 1018 in
517 955 607 1020 litem
624 967 754 1032 exeunt,
770 962 944 1018 causantur
958 951 1045 1036 quod
1062 972 1159 1036 supra
1179 951 1313 1015 modum
1328 951 1426 1014 fuerit
1441 951 1593 1014 omnibus

388 1059 578 1124 infortuitus
601 1059 685 1121 tanti
711 1057 876 1142 negligens
899 1056 984 1120 ultro
1000 1055 1194 1119 discriminis
1210 1054 1438 1140 offerentisque
1453 1055 1593 1117 fortunae

389 1172 526 1247 spretor,
551 1161 738 1246 injuriarum
766 1160 920 1223 remissus
947 1159 1045 1237 ultor,
1063 1168 1188 1223 amator
1213 1158 1401 1222 hostilitatis
1431 1167 1465 1222 et
1493 1157 1592 1236 fotor,

389 1275 613 1350 promptaeque
628 1264 772 1328 victoriae
788 1263 926 1328 crudelis
941 1262 1093 1347 abjector.
1140 1262 1269 1328 Quibus
1284 1262 1354 1346 ipse
1369 1260 1497 1346 parcius
1513 1259 1593 1336 haec,

390 1366 459 1430 “Si
483 1365 560 1452 quid
587 1365 700 1444 erravi,
715 1365 797 1429 nihil
824 1375 932 1428 tamen
956 1364 998 1428 ob
1022 1365 1081 1427 has
1105 1373 1246 1428 erratum
1269 1374 1320 1428 est
1342 1386 1466 1428 causas.
1511 1361 1591 1427 Vae!

389 1471 521 1534 nescitis
536 1470 611 1556 quia
622 1469 763 1534 virorum
781 1477 857 1553 post
873 1468 1080 1532 Salomonem
1096 1467 1354 1552 sapientissimus
1364 1467 1410 1530 ait
1426 1466 1520 1543 Cato,

681 1598 788 1646 Vincere
799 1614 855 1647 eum
867 1597 946 1660 possis
955 1597 1078 1646 interdum
1091 1596 1149 1645 cede
1160 1596 1263 1646 sodali!

391 1715 560 1799 Numquid
585 1715 654 1800 ejus
678 1714 813 1778 consilio
839 1714 949 1778 venire
971 1714 1070 1778 vultis
1097 1713 1250 1778 obviarn?
1295 1713 1451 1778 Attamen
1474 1725 1509 1779 et
1532 1717 1592 1780 alia

390 1828 458 1881 crat
472 1841 559 1882 nuno
574 1818 726 1902 parcendi
741 1817 833 1880 ratio.
880 1816 960 1880 Cari
970 1827 1057 1880 certe
1072 1838 1113 1880 ne
1130 1837 1187 1900 per
1203 1837 1334 1901 operam
1350 1839 1455 1881 meam
1471 1819 1521 1882 vir
1535 1843 1592 1906 op-

391 1921 491 1984 timus
506 1922 624 1985 laevum
641 1920 761 2006 aliquid
787 1920 912 1984 audiret
934 1920 968 1983 in
985 1920 1175 1984 minutionis
1199 1941 1266 1982 sure
1291 1930 1436 2004 tempore
1457 1924 1543 2007 quod
1564 1925 1592 1988 ei

390 2041 502 2108 posset
528 2046 599 2088 esse
623 2024 738 2087 mortis
763 2022 922 2087 occasi0.''
967 2022 1123 2086 Riserunt
1148 2032 1181 2086 et
1206 2022 1387 2086 deriserunt
1413 2046 1487 2088 eum
1518 2025 1593 2089 inde

392 2129 454 2206 sni,
470 2129 546 2193 licet
569 2128 663 2205 clam,
680 2129 735 2191 sed
764 2127 818 2212 qui
839 2127 927 2190 videt
951 2127 983 2188 in
1003 2147 1058 2190 cor
1073 2126 1237 2190 Dominus
1262 2137 1295 2190 et
1320 2126 1403 2191 hanc
1427 2129 1458 2191 ei
1480 2129 1594 2193 tribuit

389 2232 591 2316 sapientiam,
603 2231 737 2295 eandem
751 2231 780 2294 ei
800 2241 834 2294 et
857 2230 903 2294 sic
918 2228 1066 2293 retribuit
1077 2230 1163 2314 quod
1180 2252 1293 2294 omnes
1310 2231 1454 2297 Franciae
1468 2232 1592 2317 gladios

390 2336 549 2400 convertit
563 2337 597 2398 in
613 2356 770 2413 vomeres,
794 2345 827 2398 et
847 2356 906 2397 suo
921 2334 998 2398 fecit
1013 2333 1130 2397 deinde
1145 2335 1352 2418 pergratiam
1371 2358 1463 2399 suam
1484 2337 1593 2421 gladio

391 2439 565 2523 subjectos.
610 2439 697 2501 Nam
719 2437 903 2502 'leobaldus
928 2437 1037 2500 audita
1056 2437 1177 2522 pietate
1192 2437 1362 2501 verborum
1387 2449 1421 2502 et
1445 2438 1594 2504 beneficii

390 2543 521 2607 caritate
533 2543 668 2606 miratus
681 2553 714 2605 et
725 2552 896 2606 veneratus
910 2541 1048 2604 amicum
1065 2542 1203 2614 hostem,
1220 2541 1328 2604 literas
1339 2541 1399 2605 has
1410 2565 1468 2628 per
1482 2543 1594 2608 fideles

390 2647 479 2709 misit
493 2647 649 2710 nuncios:
674 2645 849 2709 “Domino
871 2645 1069 2708 Francorum
1093 2644 1159 2728 regi
1186 2644 1364 2726 Lodovieo,
1389 2669 1456 2710 sure
1481 2647 1593 2710 salutis

389 2749 617 2828 conservatori,
646 2748 856 2812 Theobaldus
880 2747 1067 2831 Campaniae
1093 2767 1210 2818 cornea
1233 2747 1265 2809 in
1289 2746 1433 2812 Domino
1457 2749 1593 2814 salutem

389 2852 477 2918 dicit.
524 2853 562 2917 ln
586 2854 809 2936 assumptione
826 2852 937 2915 Beate
955 2849 1069 2914 Mariae
1083 2849 1216 2934 virginis
1232 2850 1324 2914 vobis
1340 2852 1436 2915 adero
1451 2874 1594 2938 pergra-

388 2955 467 3018 tiam
481 2956 614 3033 Christi,
626 2967 742 3019 vestrre
752 2955 792 3018 de
806 2966 922 3018 caetero
935 2953 1074 3039 jussioni
1086 2953 1247 3038 pariturus
1262 2955 1294 3017 in
1311 2953 1474 3034 omnibus,
1484 2968 1596 3021 auctor

390 3058 578 3123 hostilitatis
591 3059 679 3143 pacis
695 3059 829 3122 amatori
846 3059 1079 3137 satisfacturus,
1092 3057 1206 3123 victori
1221 3081 1273 3122 me
1284 3060 1404 3123 victum
1417 3060 1596 3141 dediturus,

390 3170 428 3224 ut
449 3171 605 3247 perpetua
626 3161 682 3225 fiat
702 3161 735 3224 in
761 3159 856 3225 nobis
880 3183 944 3245 pax
970 3183 1044 3224 cum
1065 3160 1188 3224 honore
1208 3171 1316 3224 vestro
1341 3183 1478 3246 meoque
1499 3163 1595 3228 dede-

391 3288 474 3330 core.
519 3267 636 3331 Valeat
665 3266 697 3329 in
724 3265 869 3330 Domino
897 3286 1025 3348 semper
1053 3285 1109 3326 rex
1137 3265 1324 3349 pacificus.''
1371 3265 1433 3329 His
1464 3268 1596 3346 auditis,

391 3370 576 3434 Lodovious
601 3371 720 3455 gratias
754 3369 820 3453 egit
848 3367 1028 3441 altissimo,
1061 3366 1176 3451 dieque
1206 3378 1327 3432 statuta
1351 3368 1595 3434 Teobalduma

389 3472 527 3557 pedibus
548 3473 615 3536 suis
635 3473 675 3535 ad
691 3471 837 3536 osculum
854 3470 966 3547 erexit,
993 3480 1026 3532 et
1041 3469 1157 3532 exinde
1173 3490 1249 3533 vero
1266 3471 1362 3534 corde
1378 3471 1492 3534 dilexit
1507 3483 1540 3536 et
1554 3472 1594 3536 ab

390 3577 461 3660 ipso
476 3577 572 3661 plene
588 3577 723 3640 dilectus
739 3585 799 3652 est,
815 3575 855 3636 ad
871 3582 1061 3658 perpetuam
1077 3571 1129 3635 sui
1143 3573 1299 3656 temporis
1320 3582 1354 3637 et
1365 3575 1455 3658 regni
1471 3596 1596 3658 pacem.

390 3680 454 3759 Sic,
466 3680 561 3763 juxta
572 3679 707 3744 verbum
717 3678 863 3756 Domini,
875 3699 994 3762 prunas
1010 3676 1159 3739 ardentes
1175 3676 1333 3760 imposuit
1358 3698 1455 3761 super
1476 3677 1594 3742 hostile

390 3789 519 3868 eaput,†
534 3795 663 3849 vertens
680 3785 800 3868 ipsum,
812 3792 845 3847 et
860 3805 926 3845 non
942 3781 1005 3844 suit
1018 3779 1112 3858 ultra,
1125 3779 1182 3844 sed
1197 3803 1254 3844 eur
1267 3780 1370 3844 dicam
1382 3781 1520 3866 impium
1534 3781 1595 3844 nisi

387 3889 503 3952 fuerat.
549 3889 610 3952 Cui
626 3887 790 3952 Dominus
805 3885 1016 3971 postmodum
1031 3883 1108 3949 fecit
1125 3906 1192 3947 suae
1208 3883 1390 3950 dilectionis
1405 3895 1515 3970 aperte
1532 3885 1595 3969 sig-

421 4024 436 4054 *
454 4024 516 4071 Cato
528 4024 558 4072 de
570 4025 692 4082 Moribus,
706 4023 811 4072 Distich.
822 4026 887 4070 34-
1041 4021 1059 4079 †
1076 4021 1097 4068 A
1113 4021 1236 4069 reference
1250 4025 1276 4069 to
1288 4020 1398 4069 Romans
1409 4020 1452 4069 xii.
1465 4021 1505 4069 2⁰.
1540 4019 1594 4067 Hoc

389 4105 496 4152 Vincere
507 4120 561 4152 cum
574 4107 663 4168 possis,
676 4105 798 4154 interdum
812 4105 870 4153 cede
881 4103 968 4161 sodali,
1010 4105 1075 4152 enirn
1086 4103 1187 4160 faciens,
1200 4103 1317 4153 carbones
1326 4105 1389 4166 ignis
1398 4119 1515 4166 congeres
1523 4117 1595 4166 saper

389 4186 516 4248 Obsequio
527 4187 640 4248 quoniam
656 4187 740 4236 dulces
751 4189 884 4235 uincuntur
896 4186 975 4234 amici.
1009 4192 1084 4248 eaput
1095 4186 1156 4248 ejus.
