3608 4862
410 579 471 640 116
829 591 1019 640 ucsnrnsr
1041 591 1164 639 naras
1405 591 1527 658 [nuens
1540 593 1593 644 111.

405 741 557 830 respiciat
569 751 609 810 ut
621 741 789 830 resipiscat
802 745 855 810 vel
868 745 1064 831 respondere
1079 744 1238 830 dignetur,
1254 741 1313 808 sed
1327 741 1434 808 solum
1443 743 1603 812 Gelonem

404 846 539 933 inspicit
551 847 677 912 instans
691 857 730 912 ut
743 848 858 933 coeptis
872 848 1013 913 insistat.

450 951 571 1036 Incipit
589 951 707 1017 iterum
730 951 833 1017 Galo:
856 951 989 1038 “Gigas
1003 972 1091 1027 vero,
1113 950 1190 1015 lieet
1208 950 1314 1015 multo
1328 950 1436 1015 furore
1450 951 1602 1031 fervidus,

404 1052 446 1116 ad
475 1075 564 1118 arma
591 1075 645 1119 me
669 1055 786 1120 reverti
811 1055 916 1139 jubet,
944 1055 1101 1118 inermem
1130 1061 1222 1117 tanto
1246 1051 1438 1136 dedignatus
1467 1053 1601 1116 assultu.

406 1153 643 1239 Congredimur
663 1155 786 1242 impare
807 1156 889 1220 mihi
908 1155 1005 1220 nimis
1029 1165 1063 1220 et
1081 1155 1263 1240 periculoso
1285 1176 1471 1240 congressu.
1515 1154 1600 1218 Nam

403 1277 457 1320 me
471 1255 585 1322 leviter
598 1267 632 1321 et
641 1257 710 1322 sine
725 1258 912 1322 difficultate
927 1266 996 1322 tota
1007 1255 1208 1342 longitudine
1221 1256 1342 1321 lanceoe
1357 1277 1425 1320 sum
1440 1255 1557 1340 dejecit
1566 1256 1600 1319 in

402 1358 527 1423 furcam
541 1359 665 1425 arboris
686 1361 857 1447 proxima,
871 1361 1040 1445 tenuitque
1054 1358 1189 1423 firmiter
1202 1357 1249 1423 ibi
1263 1357 1444 1423 convitians
1459 1368 1493 1422 et
1507 1358 1600 1423 casti-

401 1481 482 1544 gans
496 1459 680 1542 immotum,
694 1471 733 1526 ut
748 1463 788 1527 de
810 1463 878 1527 suis
899 1462 1090 1548 gloriaretur
1102 1460 1236 1540 viribus,
1252 1470 1285 1525 et
1300 1483 1358 1524 sua
1367 1461 1458 1546 virgo
1473 1461 1514 1526 de
1528 1483 1598 1526 mea

400 1563 540 1646 gaudere
563 1574 676 1649 posset
699 1565 770 1629 ulta
794 1565 933 1630 miseria.
991 1564 1151 1650 Nunquid
1172 1565 1320 1630 nondum
1347 1564 1475 1644 sufficit,
1501 1586 1522 1629 o
1549 1585 1598 1628 re·

399 1663 519 1748 gina?''
535 1667 607 1731 Rex
616 1677 696 1747 orat,
705 1689 819 1732 omnes
834 1668 970 1732 adorant
979 1667 1103 1733 idolum
1110 1667 1190 1732 illud
1200 1667 1346 1747 surdum,
1361 1676 1396 1732 ct
1409 1667 1456 1731 eis
1465 1666 1597 1731 omnino

398 1775 540 1846 mutum,
563 1776 699 1852 excepto
728 1769 815 1852 quod
835 1769 1008 1855 procedere
1033 1769 1137 1854 jubet
1183 1769 1289 1834 Galo:
1320 1771 1444 1834 “Deus
1471 1770 1596 1854 inquo

399 1869 568 1951 sperabam
589 1871 671 1935 mihi
693 1871 783 1936 misit
804 1873 839 1936 in
863 1871 1044 1936 subsidium
1068 1872 1164 1936 aliam
1178 1873 1335 1957 virginem
1359 1894 1457 1958 quam
1470 1873 1595 1958 ignora-

397 1968 485 2050 bam,
500 1993 572 2056 quoe
586 1974 749 2059 praedictae
767 1976 996 2042 crudelissimus
1010 1976 1144 2062 virginis
1164 1977 1297 2063 profusa
1310 1975 1448 2061 pedibus
1467 1976 1593 2040 reniam

395 2073 478 2137 meis
500 2077 688 2159 postulabat
709 2078 888 2160 erratibus,
921 2077 1126 2144 osculabatur
1147 2079 1177 2143 ei
1198 2077 1299 2163 pedes
1317 2077 1410 2142 ranis
1432 2077 1594 2143 inundans

393 2174 546 2258 lacrimis,
571 2201 647 2244 nam
674 2181 858 2246 elatissimae
880 2181 1038 2268 superbiae
1059 2181 1150 2266 virgo
1171 2180 1311 2266 gigantis
1336 2203 1416 2246 mese
1439 2181 1594 2266 confregit

393 2279 543 2363 adjutrici
554 2282 637 2367 pede
652 2305 712 2349 suo
731 2285 897 2348 teterrima
911 2294 1024 2349 contra
1039 2285 1153 2349 dentes
1167 2283 1263 2349 labia.
1306 2285 1428 2350 Nonne
1442 2283 1521 2348 satis
1532 2293 1592 2363 est,

392 2383 525 2466 regina?
571 2385 656 2453 Quis
678 2387 856 2453 mirabilior
877 2397 935 2452 aut
959 2387 1172 2452 miserabilior
1191 2409 1330 2472 usquam
1355 2386 1450 2451 alicui
1475 2388 1590 2452 casus?

393 2483 459 2550 Sed
481 2486 547 2552 scio
571 2512 639 2554 non
662 2489 834 2556 misereris.
879 2491 1001 2556 Omnia
1021 2490 1157 2557 fatebor.
1200 2490 1305 2555 Amor
1323 2511 1416 2555 mens
1442 2499 1476 2555 et
1496 2490 1591 2575 longe

390 2587 541 2654 nobiliori
556 2589 746 2678 dignissima
759 2595 867 2680 puella
877 2594 994 2680 pedem
1006 2594 1149 2658 osculata
1163 2591 1313 2678 gigantis,
1327 2614 1383 2658 ore
1396 2593 1498 2678 prob!
1518 2615 1590 2657 san·

389 2689 579 2774 guinolento
593 2716 700 2759 meam
716 2695 874 2780 allegabat
888 2717 929 2760 ex
943 2695 1133 2780 aegritudine
1153 2696 1251 2780 longa
1272 2693 1482 2774 debilitatem,
1497 2704 1531 2760 et
1543 2695 1590 2760 illi

389 2793 531 2860 dedecus
557 2819 629 2862 esse
652 2799 831 2863 maximum
844 2803 951 2863 virum
973 2800 1105 2864 inanem
1125 2798 1249 2864 viribus
1271 2807 1305 2863 et
1326 2809 1491 2885 expertem
1518 2821 1590 2864 san-

388 2898 497 2980 guinis
521 2898 563 2962 ad
589 2900 748 2984 singulare
768 2910 931 2966 certamen
955 2902 1109 2986 coegisse.
1154 2901 1254 2987 Gigas
1280 2902 1420 2982 erubuit,
1443 2904 1501 2968 sed
1521 2924 1588 2968 non

387 3001 553 3083 pepercit3
575 3002 769 3087 expectabat
783 3003 870 3068 euim
894 3003 982 3068 illius
1005 3026 1073 3069 suoe
1096 3026 1207 3091 preces
1230 3027 1302 3090 quae
1317 3005 1451 3072 sedebat
1470 3007 1589 3071 immo-

387 3098 462 3164 bilis
477 3112 512 3167 et
524 3103 763 3186 immisericors,
778 3116 812 3171 et
825 3106 1018 3192 respiciebat
1039 3129 1107 3172 non
1129 3107 1367 3194 respicientem.
1409 3109 1496 3173 'lum
1517 3131 1588 3174 meu

387 3203 480 3287 cujus
502 3206 583 3271 mihi
606 3229 663 3272 oor
685 3208 772 3274 dulci
794 3210 987 3275 condolebat
1014 3231 1124 3276 amore
1147 3211 1230 3276 flens
1250 3233 1357 3277 amare
1375 3212 1450 3297 quia
1473 3233 1586 3298 paoem

386 3303 534 3390 optinere
547 3329 616 3374 non
630 3310 748 3394 potuit,
762 3310 908 3376 inducias
927 3311 962 3376 in
977 3333 1100 3377 annum
1114 3313 1219 3398 petiit,
1234 3323 1269 3379 et
1283 3336 1319 3379 se
1333 3313 1424 3378 dedit
1438 3313 1585 3379 obsidem

386 3408 475 3492 quod
489 3432 576 3477 anno
598 3413 748 3478 revoluto
764 3413 817 3479 die
840 3414 1011 3495 consimili,
1033 3414 1062 3479 si
1080 3437 1149 3480 non
1170 3437 1259 3480 mors
1272 3415 1511 3496 intervenisset,
1534 3438 1585 3482 me

385 3519 498 3579 conus
507 3514 860 3602 Riviumadsingulare
871 3527 1032 3583 certamen
1042 3519 1244 3604 produceret,
1252 3519 1456 3605 lacrimisque
1467 3519 1584 3605 quibus

382 3612 449 3680 iras
463 3637 578 3684 omnes
592 3626 626 3684 et
640 3641 770 3685 omnem
787 3620 933 3704 frangere
947 3628 1060 3705 posset
1068 3620 1165 3685 corda
1175 3621 1380 3707 tyrannidem
1392 3643 1467 3687 cum
1478 3622 1584 3709 puelle

383 3737 451 3781 non
470 3720 637 3800 movisset,
658 3722 822 3807 gigantem
840 3720 942 3800 flexit,
964 3729 999 3786 et
1021 3721 1063 3786 ad
1083 3733 1161 3787 vota
1174 3725 1383 3789 mansuescit.
1427 3725 1509 3790 Dies
1534 3723 1582 3788 in-

384 3827 460 3900 stat,
476 3831 509 3887 et
524 3844 604 3888 mete
619 3823 733 3889 salutis
748 3823 872 3888 auctrix
887 3823 1073 3910 quingentis
1088 3825 1240 3891 comitata
1254 3826 1413 3892 militibus
1427 3827 1463 3890 in
1473 3826 1581 3911 januis

382 3930 454 4001 est3
477 3924 565 4010 giges
591 3935 700 3992 autem
725 3925 761 3990 in
784 3948 884 3991 manu
906 3927 1049 4013 quinque
1072 3927 1197 3993 milium
1222 3930 1378 4014 sequitur.
1422 3930 1505 3996 Haec
1531 3951 1581 3994 me

381 4024 460 4090 fecit
473 4029 640 4096 meditatio
655 4029 821 4115 stupidum
835 4031 870 4096 in
885 4053 1008 4112 mensa,
1023 4053 1096 4118 quse
1110 4031 1191 4098 mihi
1200 4032 1351 4100 terribilis
1366 4043 1401 4099 et
1414 4033 1580 4100 immensa.
