3608 4862
281 544 343 609 Cap.
355 544 413 609 xli]
616 541 664 588 ΒΕ
680 541 792 588 NUGIS
809 541 1034 590 GURIALIUH·

248 696 480 775 absolveretur,
494 693 611 760 exinde
623 704 731 762 eutem
748 695 943 763 maledicens
958 696 1099 763 foeminoe
1108 717 1280 783 properare
1294 717 1362 762 non
1378 698 1451 764 des-

246 799 315 865 titit
329 820 497 886 quousque
520 821 595 864 cum
619 798 686 863 suis
709 799 838 865 obviam
862 800 986 865 habuit.
1032 800 1109 868 Quo
1131 799 1202 866 riso
1225 800 1277 866 sui
1291 801 1396 867 securi
1417 811 1451 868 et

247 925 337 968 acres
360 903 394 967 in
418 903 530 968 hostes
556 902 714 983 involant,
736 904 878 990 perdunt
893 913 927 968 et
949 914 1103 984 mactant,
1119 914 1154 970 et
1175 906 1322 971 coniecto
1338 925 1451 971 eorum

247 1005 389 1071 exercitu
414 1007 481 1071 iere
495 1015 577 1086 toto,
603 1005 655 1070 die
679 1007 819 1072 crastina
839 1007 939 1092 jussit
952 1029 1009 1072 rex
1034 1030 1148 1076 ornnes
1163 1007 1310 1074 omnium
1334 1030 1450 1074 manus

247 1107 376 1174 dextras
391 1111 426 1174 in
449 1131 554 1174 unum
576 1111 782 1196 comportari,
797 1120 831 1176 et
845 1111 879 1174 in
893 1110 1001 1176 locum
1024 1111 1123 1176 alium
1149 1112 1311 1178 mentulas
1326 1133 1450 1192 eorum,

248 1222 282 1277 et
296 1213 330 1277 in
344 1214 476 1278 tertium
500 1235 592 1279 secus
607 1213 693 1278 nam
715 1214 800 1299 fugae
823 1235 937 1279 omnes
959 1216 1059 1300 pedes
1082 1215 1225 1295 dextros,
1241 1215 1449 1301 singulosque

247 1315 325 1381 iecit
339 1317 520 1403 superhaec
535 1339 648 1382 eorum
670 1316 817 1382 membra
830 1317 1027 1382 monticulos
1047 1318 1081 1382 in
1102 1317 1291 1383 memoriam
1305 1318 1449 1384 victoriae

248 1441 315 1484 suae
324 1429 401 1506 post
415 1429 522 1485 tantas
534 1419 718 1507 jactantias,
733 1421 788 1507 qui
799 1443 900 1506 usque
912 1443 1001 1486 nunc
1011 1430 1124 1487 extant
1134 1422 1253 1508 quique
1269 1423 1448 1488 secundum

246 1520 371 1588 inclusa
391 1524 537 1589 membra
550 1524 720 1589 nominati.
766 1524 864 1591 Quod
887 1534 996 1590 autem
1012 1525 1104 1591 aiunt
1125 1526 1280 1591 Triunem
1304 1548 1323 1590 a
1346 1537 1449 1592 matre

248 1647 307 1690 aua
321 1637 496 1708 serratim,
518 1637 552 1693 et
567 1649 641 1693 cum
655 1626 727 1713 ipsa
749 1627 783 1692 in
805 1627 878 1694 lacu
901 1629 957 1694 illo
978 1629 1087 1695 rivere
1107 1630 1196 1694 unde
1215 1651 1312 1714 supra
1326 1630 1449 1694 mentio

248 1739 310 1810 est,
332 1731 399 1796 imo
421 1741 456 1796 et
480 1730 684 1796 mendacium
709 1741 802 1818 puto,
818 1732 906 1817 quod
927 1733 967 1798 de
989 1755 1057 1798 non
1078 1733 1213 1800 invento
1239 1733 1318 1820 fingi
1338 1742 1449 1819 potest

247 1853 335 1900 error
348 1833 547 1920 hujusmodi.
819 1829 821 1835 ⁸

526 2044 605 2107 Item
619 2043 657 2106 de
671 2043 787 2107 eisdem
806 2043 1067 2126 apparitionibus.
1111 2042 1167 2108 xii.

291 2180 403 2247 Simile
421 2179 499 2245 huic
513 2188 564 2244 est
586 2179 674 2264 quod
696 2178 835 2244 Edricua
858 2177 999 2258 wilde*
1022 2178 1110 2265 quod
1136 2187 1187 2244 est
1208 2178 1375 2259 silvestria,
1403 2180 1449 2245 sic

247 2286 355 2350 dictus
380 2307 399 2349 a
422 2284 566 2369 corporis
581 2283 722 2368 agilitate
746 2292 780 2348 et
812 2283 1015 2367 jocunditate
1047 2282 1221 2347 verborum
1245 2292 1279 2347 et
1301 2303 1448 2368 operum,

246 2390 345 2454 homo
360 2387 473 2453 multae
486 2386 668 2474 probitatis,
691 2397 725 2451 et
747 2385 898 2450 dominus
914 2384 1087 2450 Ledburiae
1106 2385 1277 2466 borealis,†
1299 2387 1448 2471 quicum

245 2501 366 2557 venatu
389 2512 461 2555 sero
497 2489 625 2555 rediens
648 2510 707 2575 per
739 2488 843 2554 Denis
872 2487 1014 2553 mediam
1036 2509 1139 2574 nsque
1167 2497 1298 2554 noctem
1323 2488 1447 2554 viarum

247 2595 366 2661 dubius
388 2593 516 2676 erravit,
539 2615 605 2658 uno
627 2601 755 2657 tantum
778 2593 951 2657 comitatus
974 2613 1087 2677 puero,
1111 2592 1152 2657 ad
1179 2592 1313 2657 domum
1336 2593 1371 2656 in
1391 2615 1447 2658 ora

246 2698 387 2765 nemoris
402 2720 553 2782 magnam
575 2695 702 2761 delatus
728 2704 789 2776 est,
805 2695 914 2781 quales
938 2695 1066 2780 anglici
1091 2694 1125 2759 in
1146 2695 1281 2782 singulis
1304 2695 1446 2782 singulas

246 2800 410 2868 habebant
423 2800 607 2866 diocesibus
621 2797 801 2879 bibitorias,
818 2801 968 2884 patulus
990 2799 1127 2884 Anglice
1150 2799 1283 2880 dictas,‡
1308 2821 1446 2886 cumque

247 2927 350 2994 prope
372 2913 459 2971 esset
481 2903 680 2990 vidissetque
702 2903 810 2969 lucem
823 2903 859 2968 in
880 2924 930 2982 ee,
946 2903 1176 2989 introspiciens
1198 2903 1373 2968 multarum
1388 2925 1448 2968 nc·

277 3125 293 3156 ⁸
309 3127 370 3178 Thia
393 3129 470 3178 Edric
490 3144 539 3178 vua
561 3143 576 3177 a
595 3142 654 3190 very
674 3125 827 3176 remarkable
859 3125 964 3190 popular
974 3123 1119 3189 hiatnry‚aa
1135 3125 1278 3188 preaeming
1294 3139 1341 3173 one
1360 3122 1389 3172 ot
1402 3123 1445 3174 the

244 3226 344 3275 perron,
356 3211 404 3261 and
416 3227 463 3261 oue
478 3211 507 3260 ot
522 3211 564 3260 the
583 3209 632 3258 last
654 3209 827 3272 AngloSaxon
859 3221 993 3256 numerous
1003 3205 1104 3268 legende
1116 3205 1254 3255 connected
1264 3206 1324 3254 with
1337 3205 1379 3254 the
1391 3219 1443 3254 me·

245 3293 349 3356 patriota
358 3293 415 3343 who
426 3293 484 3342 held
495 3297 541 3341 out
556 3289 652 3352 againat
662 3289 772 3339 William
783 3290 827 3339 the
858 3303 928 3353 mory
941 3287 969 3338 ot
978 3288 1021 3337 the
1032 3289 1081 3338 luat
1088 3287 1219 3338 detondere
1230 3287 1259 3336 ct
1267 3286 1444 3351 ruglo-Susa

246 3375 400 3439 Conquerar.
435 3373 476 3423 He
487 3374 545 3436 only
553 3369 827 3434 madehiapeacenith
859 3371 977 3420 freedom.

242 3458 287 3506 the
305 3457 431 3506 Normana
449 3456 475 3504 in
493 3457 567 3512 1070,
587 3453 678 3502 undhe
697 3467 826 3516 accompa·
890 3451 980 3508 †The
999 3467 1086 3500 maner
1107 3450 1136 3500 ci
1158 3449 1274 3512 Ledbury
1296 3447 1378 3497 North
1399 3447 1444 3496 haa

244 3539 303 3587 nied
314 3538 357 3586 the
368 3535 430 3597 ling
447 3537 474 3584 in
491 3537 530 3584 hia
548 3533 690 3599 expedition
707 3539 734 3583 to
753 3533 825 3582 Scct·
858 3533 921 3582 been
932 3533 991 3595 long
1001 3533 1116 3582 attached
1128 3537 1154 3580 to
1165 3532 1208 3580 the
1219 3545 1260 3579 aee
1271 3529 1301 3578 ot
1310 3527 1442 3578 lleretord.

242 3617 303 3668 laud
320 3618 346 3666 in
359 3618 431 3667 roca.
466 3615 512 3665 See
527 3631 559 3663 an
569 3617 675 3663 mount
693 3614 722 3662 of
736 3611 826 3662 himin
858 3613 920 3662 Thia
938 3615 1039 3677 chapter
1056 3615 1124 3677 given
1142 3629 1156 3661 a
1173 3613 1272 3662 curicus
1293 3615 1399 3660 account
1417 3610 1446 3660 ot

244 3700 331 3750 Ellia’a
353 3698 527 3746 Introduction
543 3701 570 3746 to
588 3695 727 3757 Domeeday
743 3694 824 3753 Book,
858 3695 901 3743 the
912 3709 1014 3743 manner
1024 3697 1051 3744 in
1066 3695 1147 3744 which
1165 3695 1208 3744 tha
1224 3693 1327 3756 blahopa
1343 3692 1443 3742 became

242 3782 293 3832 rol.
305 3781 333 3830 ii.
353 3796 379 3845 p.
400 3782 439 3832 tl·
474 3779 506 3829 In
521 3779 566 3827 tha
577 3776 651 3826 latin
665 3777 714 3825 aad
731 3776 824 3838 Angla·
857 3775 1054 3840 poaamedctit.
1089 3773 1443 3852 ltiamentionedinDomea.

243 3863 357 3913 Norman
373 3861 519 3912 documenta
536 3858 612 3909 Edn'c
622 3857 644 3906 ia
656 3856 782 3907 described
791 3857 824 3922 by
858 3859 906 3920 day
917 3872 944 3907 aa
954 3857 1088 3921 belonging
1100 3862 1126 3907 tc
1137 3858 1213 3907 Edric
1223 3858 1266 3906 the
1276 3856 1354 3906 wilt.

241 3947 284 3995 the
296 3945 390 4010 epitbet
401 3943 429 3993 ot
443 3945 564 3994 silvestria
574 3940 622 3990 aud
633 3941 730 4003 sabaoc
744 3938 825 3989 which
891 3939 906 4000 ss
924 3939 981 3988 Idc
997 3945 1042 3990 not
1060 3940 1176 3990 recollect
1192 3939 1300 4002 meedng
1315 3939 1373 3987 with
1391 3939 1442 3990 thia

243 4043 285 4078 are
303 4029 346 4078 tha
364 4031 435 4077 exact
455 4025 614 4076 trenalah'ona
628 4022 657 4072 ot
672 4021 739 4071 codd.
772 4021 826 4072 'lhe
857 4021 925 4071 nortl
935 4021 974 4070 tor
986 4035 1018 4070 au
1035 4023 1079 4071 inu
1095 4021 1187 4070 batere.
1221 4019 1275 4070 'l'ne
1292 4021 1443 4072 moreuanal

244 4116 343 4174 preaent
359 4110 462 4174 chapter
476 4109 498 4158 ia
513 4123 546 4156 an
561 4105 708 4169 interesting
724 4105 783 4155 trait
800 4103 829 4154 ot
858 4103 1037 4168 Angla-Saron
1048 4117 1120 4154 name
1130 4117 1179 4154 naa
1190 4102 1311 4166 piat-ter.
