3610 4852
374 501 438 564 202
807 512 995 559 cunnrnar
1020 511 1141 556 uaeas
1395 512 1514 576 musac.
1527 511 1559 562 v,

373 681 470 748 trices
492 681 615 768 aquilas
630 681 779 746 mercede
799 679 913 766 dignas
938 679 1118 764 iniquitatis
1133 677 1219 744 illico
1235 678 1345 746 refert.
1390 679 1451 745 Ille
1468 701 1579 765 regem

373 785 512 871 impiger
536 785 614 863 adit,
637 783 835 848 abbatissam
859 793 892 848 et
911 805 986 846 suas
1006 781 1153 867 publicas
1177 791 1381 866 praegnantes
1404 791 1438 847 et
1459 783 1578 867 prosti-

373 896 462 952 tutas
485 887 636 952 omnibus
660 887 784 966 edocet,
809 896 842 952 et
862 884 1120 971 exploratoribus
1147 884 1312 950 missiset
1338 885 1415 949 inde
1438 887 1577 971 receptis

374 990 484 1054 omnia
504 990 641 1075 probat;
664 990 866 1058 Berkelaiam
880 990 960 1074 ipsis
975 989 1058 1072 petit
1072 988 1194 1072 ejectis,
1216 997 1250 1052 et
1274 987 1430 1073 accepite
1445 990 1578 1054 domino

375 1113 448 1172 suo,
468 1092 525 1156 sed
546 1093 662 1157 melius
687 1115 706 1156 a
731 1092 822 1157 fatuo
848 1115 919 1156 suo.
965 1091 1126 1156 Boseham
1153 1090 1214 1154 sub
1241 1089 1399 1156 Cicestria
1420 1092 1522 1170 videt,
1545 1102 1579 1156 et

376 1194 548 1274 affectavit,
578 1205 612 1262 et
647 1195 752 1262 multo
782 1194 922 1280 stipatus
959 1193 1086 1278 agmine
1122 1201 1312 1277 magnatum
1341 1193 1513 1258 subridens
1545 1204 1579 1259 et

374 1295 502 1377 ludens,
519 1299 744 1364 Cantuariensi
759 1299 1001 1384 archiepiscopo
1017 1298 1110 1382 cujus
1120 1305 1199 1362 tunc
1214 1307 1283 1361 erat
1297 1297 1389 1362 vicus
1403 1298 1460 1377 ait,
1475 1303 1497 1334 “
1508 1299 1578 1363 Do-

375 1400 475 1480 mine,
490 1401 547 1465 das
562 1401 642 1466 mihi
658 1400 832 1467 Boseam.”
875 1400 1148 1485 Archicpiscopus
1172 1409 1281 1464 autem
1304 1400 1466 1464 admirans
1487 1401 1578 1486 quasi

377 1503 439 1568 sub
463 1504 642 1589 quaestione
662 1505 802 1589 repetiit,
820 1505 923 1589 “Ego
942 1504 984 1568 do
999 1502 1059 1568 tibi
1076 1503 1250 1567 Boseam.'’
1294 1503 1341 1568 At
1354 1503 1408 1566 ille
1422 1503 1578 1568 continuo

376 1629 451 1672 cum
466 1607 521 1671 illa
534 1630 630 1675 manu
647 1608 788 1673 militum
803 1607 844 1671 ad
859 1607 929 1692 ejus
948 1606 1088 1692 procidit
1109 1615 1147 1670 ut
1169 1615 1399 1690 procuraverat
1420 1605 1532 1690 pedes,
1546 1615 1579 1670 et

376 1709 567 1774 deosculans
592 1733 649 1774 eos
675 1732 750 1774 cum
771 1709 875 1774 multa
902 1710 1076 1795 gratiarum
1098 1708 1225 1774 actione
1246 1707 1380 1772 recessit
1413 1709 1453 1772 ad
1477 1708 1579 1773 Bose-

375 1811 463 1891 ham,
478 1822 512 1878 et
525 1813 669 1878 violenta
684 1813 904 1878 dominatione
919 1811 1064 1892 retinuit,
1086 1821 1121 1876 et
1145 1833 1220 1876 cum
1234 1810 1423 1877 testimonio
1446 1832 1578 1874 suorum

376 1911 567 1978 donatorem
611 1913 755 1978 laudarit
788 1913 1067 1998 archiepiscopum
1111 1934 1219 1978 coram
1253 1933 1337 1995 rege,
1370 1912 1580 1997 posseditque

375 2015 517 2101 pacifice.
558 2017 611 2080 Ex
625 2016 677 2080 his
692 2015 787 2081 nobis
804 2017 932 2081 animus
948 2017 1019 2100 ejus
1041 2015 1200 2094 innoteat,
1223 2014 1259 2078 in
1280 2014 1481 2100 adquirendo
1506 2036 1581 2098 pes-

375 2117 483 2194 tilens,
509 2128 548 2183 ut
576 2119 611 2182 in
638 2120 746 2184 dando
773 2120 926 2205 profusus
955 2119 1058 2184 fieret.
1101 2119 1246 2184 Venator
1271 2128 1340 2182 erat
1368 2117 1516 2184 omnium
1541 2138 1581 2180 ex

375 2220 529 2286 omnibus
544 2220 705 2288 lucrorum
728 2221 928 2298 hominibus,
947 2231 986 2284 ut
1009 2219 1162 2285 omnibus
1187 2219 1348 2284 sufficeret
1370 2217 1406 2286 in
1428 2218 1582 2284 distribu-

376 2321 542 2403 tionibus3
564 2323 663 2390 timor
678 2323 824 2389 omnium
839 2333 873 2388 et
888 2345 973 2409 spes,
991 2323 1089 2386 ludus
1104 2331 1138 2388 et
1152 2322 1275 2388 laetitia.

690 2515 744 2578 Dc
762 2515 902 2578 Caatoce
915 2533 988 2595 repe
1003 2513 1181 2577 Dacorum.
1224 2511 1269 2577 iv.

420 2645 501 2710 Erat
533 2647 587 2711 illa
615 2656 809 2734 tempestate
841 2668 954 2732 regum
981 2646 1128 2711 omnium
1153 2647 1333 2711 ditissimus
1359 2656 1394 2711 et
1427 2647 1582 2712 strenuis·

379 2749 481 2814 simus
518 2752 683 2816 Dacorum
712 2772 769 2815 rex
800 2751 964 2815 Chnutus.
1025 2750 1091 2814 Hic
1131 2751 1172 2815 ab
1208 2749 1419 2836 optimatibus
1455 2751 1582 2836 Angliae

377 2863 522 2932 vocatus,
550 2853 828 2940 etfrequentibus
851 2853 997 2938 epistolis
1023 2853 1161 2930 illectus,
1190 2875 1258 2917 non
1280 2853 1390 2918 invitis
1417 2854 1474 2917 sed
1501 2855 1585 2920 inri-

379 2954 525 3018 tantibus
563 2957 708 3039 Anglicis
746 2965 780 3020 et
816 2977 890 3020 cum
926 2956 1045 3039 gaudio
1082 2956 1345 3041 suscipientibus,
1382 2977 1456 3020 cum
1494 2980 1584 3023 exer-

379 3055 446 3120 citu
474 3057 575 3122 nimio
591 3057 625 3121 in
651 3058 828 3122 Danesiam
854 3059 987 3144 illapsus
1015 3068 1075 3138 est,
1096 3081 1167 3144 quae
1193 3081 1280 3124 nunc
1306 3081 1408 3145 usque
1432 3061 1583 3126 dicitura

381 3159 480 3223 Dacis
503 3169 541 3223 ut
562 3159 654 3225 aiunt
668 3161 821 3225 Danesia.
867 3162 942 3225 Hoc
964 3171 1073 3226 autem
1096 3161 1330 3227 contumeliosa
1350 3163 1427 3228 fecit
1450 3185 1586 3248 oppres-

380 3261 440 3328 sio.
486 3263 564 3327 Mos
597 3263 684 3328 enim
718 3285 830 3350 regum
857 3275 917 3343 est,
940 3275 978 3328 ut
1001 3274 1122 3349 quanto
1152 3265 1290 3350 quisque
1319 3265 1462 3329 timidior
1491 3276 1585 3333 tanto

380 3365 549 3430 crudelior.
607 3367 694 3432 Talis
724 3377 758 3432 et
793 3377 861 3431 tam
889 3367 1041 3431 immanis
1078 3367 1269 3446 Edelredus‚
1307 3367 1382 3452 quia
1417 3367 1586 3434 timidissi-

381 3491 455 3532 mus
469 3479 538 3534 erat
562 3479 597 3534 et
618 3493 733 3536 omnes
757 3469 904 3548 timebat,
927 3469 1140 3534 insidiabatur
1156 3469 1308 3535 omnibus
1333 3479 1367 3535 et
1394 3493 1462 3535 non
1489 3472 1587 3536 simul

381 3594 495 3637 omnes
525 3573 582 3636 scd
612 3573 797 3659 singillatim
832 3574 974 3658 optimos
1000 3573 1244 3659 comprimebat,
1275 3585 1309 3638 et
1337 3573 1520 3639 libertatern
1550 3576 1586 3640 in

383 3676 571 3741 servitutem
601 3685 635 3741 et
663 3698 681 3741 e
713 3697 870 3741 converso
894 3676 1070 3762 redigebat,
1094 3677 1176 3741 colla
1206 3676 1364 3741 nobilium
1397 3677 1499 3741 servis
1525 3679 1587 3742 cal-

382 3779 484 3843 canda
512 3777 688 3862 praebebat,
714 3777 797 3862 juris
824 3799 963 3856 eversor,
993 3787 1133 3842 assertor
1161 3777 1298 3862 injuriae,
1325 3777 1457 3843 saevitiae
1488 3789 1586 3859 sator,

381 3882 485 3945 fomes
508 3881 734 3960 inclementiae,
761 3902 821 3945 nec
846 3881 934 3944 ultor
962 3881 1099 3966 injuriae,
1123 3903 1183 3944 nec
1212 3881 1373 3945 benefacti
1402 3881 1587 3946 retributor.

383 3981 460 4046 Non
476 3983 606 4047 amabat
620 4005 716 4068 quem
731 4005 797 4047 non
813 3994 925 4068 posset
945 3983 991 4046 ira
1009 3984 1063 4048 vel
1079 3983 1243 4048 servitutis
1258 3984 1311 4047 vel
1325 3983 1521 4070 proditionis
1536 3985 1588 4048 rel

383 4082 518 4168 alicujus
534 4106 665 4170 arguere
680 4086 832 4151 criminis.
879 4085 1089 4173 Completum
1114 4086 1149 4152 in
1175 4086 1248 4172 ipso
1271 4095 1322 4150 est
1347 4087 1435 4171 quod
1460 4087 1589 4166 dicitur,
