3650 4852
373 479 415 538 10
806 487 996 534 cunarum
1019 485 1143 532 naeus
1398 483 1519 549 mutina.
1531 481 1557 535 1:

418 645 501 710 Haec
515 641 556 708 de
571 641 659 708 curia
673 663 745 729 quae
759 639 899 706 vidimus
914 648 1082 705 testamur.
1126 633 1382 702 Obvolutionem
1406 645 1516 702 autem
1530 635 1578 722 ig·

373 747 477 826 nium,
507 747 701 811 densitatem
732 743 949 822 tenebrarum,
983 741 1155 805 fluminum
1178 740 1337 820 loetorem,
1362 739 1534 805 stridorem
1559 762 1580 803 a

376 847 580 916 daemonibus
596 869 748 932 magnum
763 846 920 924 dentium,
936 843 1071 908 semitus
1085 843 1185 908 exiles
1200 851 1233 906 et
1247 841 1445 908 miserabiles
1467 864 1488 905 a
1511 841 1579 928 spi·

376 951 493 1016 ritibus
519 949 634 1029 anxiis,
657 948 803 1014 omnium
825 948 1007 1033 viperarum
1032 953 1065 1010 et
1087 942 1243 1030 anguium
1266 953 1300 1009 et
1323 944 1429 1008 omnis
1452 943 1579 1029 reptilis

378 1065 501 1121 tractus
516 1053 632 1131 foedos,
647 1061 681 1116 et
694 1051 819 1136 rugitus
833 1048 963 1134 impios,
978 1049 1137 1126 foetorem,
1150 1046 1330 1132 planctum,
1344 1054 1378 1111 et
1402 1047 1580 1128 horrorem,

378 1179 439 1244 per
463 1155 588 1240 singula
613 1154 640 1218 si
665 1175 723 1239 per
748 1152 931 1238 allegoriam
954 1150 1076 1235 aperire
1101 1149 1209 1228 velim,
1241 1149 1276 1212 in
1312 1149 1486 1215 curialibus
1512 1175 1579 1218 non

380 1261 499 1324 desunt
514 1257 594 1321 mihi
608 1254 868 1341 significationes,
883 1252 941 1318 sed
955 1251 1109 1336 longioris
1125 1259 1203 1314 sunt
1217 1251 1373 1336 temporis
1388 1276 1486 1339 quam
1499 1255 1581 1321 mihi

381 1383 493 1426 vacare
507 1360 645 1425 rideam.
691 1357 756 1422 Sed
771 1355 868 1422 ourioe
882 1376 1012 1440 parcere
1027 1353 1144 1418 curiale
1169 1353 1315 1435 videtur3
1342 1365 1376 1420 et
1398 1357 1516 1421 sufficit
1541 1381 1582 1423 ex

380 1464 444 1527 hiis
460 1462 638 1527 secundum
653 1460 755 1523 dictas
768 1457 957 1522 concludere
971 1456 1122 1534 rationes,
1138 1458 1226 1541 quod
1241 1457 1328 1520 curia
1340 1457 1431 1523 loeus
1445 1461 1582 1544 poenalis

382 1575 444 1632 est.
488 1567 565 1629 Non
581 1565 653 1628 dico
669 1572 777 1627 tamen
793 1561 881 1646 quod
895 1559 1050 1637 infernus,
1066 1559 1153 1643 quod
1168 1580 1233 1623 non
1257 1560 1412 1644 sequitur,
1435 1562 1492 1626 sed
1516 1562 1582 1628 fere

335 1651 340 1661 ¹
383 1677 508 1732 tantam
533 1665 633 1730 habet
655 1665 696 1728 ad
719 1664 828 1748 ipsum
849 1660 1093 1725 similitudinem
1120 1670 1273 1745 quantam
1298 1662 1373 1747 equi
1395 1663 1517 1728 ferrum
1542 1667 1584 1732 ad

384 1791 485 1854 equoe.
530 1770 601 1834 Nee
615 1789 789 1852 possumus
804 1765 838 1828 in
857 1764 1024 1828 dominum
1048 1772 1082 1828 et
1101 1773 1259 1826 rectorem
1282 1773 1431 1830 nostrum
1456 1769 1584 1854 culpam

384 1873 565 1950 refundere,
600 1892 674 1934 cum
696 1869 778 1932 nihil
799 1868 833 1931 in
860 1867 983 1932 mundo
1009 1867 1154 1952 quietum
1192 1866 1245 1945 sit,
1282 1888 1343 1931 nec
1382 1869 1448 1933 ulla
1479 1874 1585 1956 possit

385 1975 545 2061 quispiam
561 1973 618 2036 diu
632 1970 862 2055 tranquillitate
876 1969 989 2046 laetari,
1012 1969 1084 2032 Deo
1099 1967 1132 2030 in
1156 1967 1290 2052 singulis
1317 1982 1504 2054 argumenta
1526 1995 1586 2058 po-

384 2088 493 2150 nente,
511 2075 597 2161 quod
612 2096 678 2138 non
695 2074 739 2136 sit
752 2073 805 2137 hic
818 2071 990 2157 quaerenda
1005 2090 1155 2133 mansura
1169 2069 1292 2147 civitas,
1307 2093 1382 2135 cum
1396 2069 1492 2134 etiam
1518 2093 1586 2136 non

386 2181 430 2245 sit
449 2190 548 2244 tantae
564 2177 730 2262 sapientire
744 2175 794 2240 vir
809 2175 863 2261 qui
878 2174 936 2238 uni
952 2173 1011 2238 soli
1028 2173 1073 2237 sie
1087 2172 1193 2257 possit
1207 2172 1393 2257 dispensare
1408 2172 1530 2254 domui,
1548 2183 1586 2238 ut

385 2278 490 2365 ipsam
506 2302 572 2344 non
582 2281 696 2365 aliquis
709 2277 878 2365 perturbet
886 2299 984 2343 error.
1023 2277 1094 2360 Ego
1109 2275 1196 2338 enim
1213 2276 1333 2340 modici
1341 2277 1459 2342 verni*
1475 2277 1587 2342 mode-

385 2391 473 2446 rator
488 2405 571 2462 sum,
587 2394 620 2449 et
635 2393 744 2447 tamen
753 2382 839 2446 illius
850 2380 985 2444 modicae
999 2378 1128 2442 fanrilioe
1138 2399 1218 2442 meae
1230 2379 1319 2442 irena
1330 2389 1439 2444 tenere
1451 2402 1586 2465 nequeo.

387 2484 539 2549 Studium
555 2507 664 2549 meum
680 2494 730 2549 est
745 2485 908 2570 quomodo
922 2504 1058 2568 possum
1081 2479 1233 2544 omnibus
1257 2482 1422 2565 prodesse,
1441 2505 1483 2546 ne
1509 2483 1587 2569 quid

386 2587 434 2650 eis
449 2587 483 2649 in
499 2585 571 2650 cibo
583 2597 616 2649 et
631 2596 713 2670 potu
726 2586 779 2650 vel
794 2595 883 2650 veste
898 2583 1036 2648 deficiat.
1081 2583 1233 2668 Ipsorum
1259 2593 1367 2647 autem
1394 2594 1445 2650 est
1470 2587 1587 2650 sollici-

388 2689 469 2752 tudo
481 2688 587 2751 modis
597 2687 749 2752 omnibus
758 2687 928 2771 exculpere
938 2687 977 2749 de
987 2706 1058 2748 mea
1068 2684 1249 2749 substantia
1257 2687 1344 2769 quod
1354 2709 1446 2752 suam
1455 2700 1589 2774 augeat3

389 2789 541 2875 quicquid
555 2799 705 2852 nostrum
721 2798 771 2852 est
789 2789 876 2873 quod
889 2786 1004 2866 habeo,
1020 2809 1132 2852 eorum
1147 2787 1283 2872 quisque
1309 2809 1416 2855 suum.
1461 2791 1496 2856 Si
1511 2792 1589 2878 quid

389 2892 544 2955 adversus
560 2890 698 2975 aliquem
712 2911 787 2955 vere
803 2891 924 2964 dixero,
939 2901 1036 2976 negat
1050 2901 1083 2955 et
1104 2888 1204 2953 habet
1229 2889 1413 2973 complices,
1458 2889 1494 2954 Si
1517 2891 1590 2975 quis

390 2994 470 3060 mihi
486 2995 526 3058 de
541 2994 661 3058 familia
674 2993 767 3057 testis
782 3003 843 3073 est,
858 2994 1057 3060 adulatorem
1080 2993 1202 3070 dicunt,
1226 2995 1248 3028 “
1259 2990 1333 3055 Stas
1348 3014 1422 3056 cum
1438 2994 1590 3074 domin03

391 3096 537 3162 mentiris
553 3105 591 3160 ut
605 3095 635 3160 ei
649 3095 785 3180 placeas,
807 3096 894 3159 unde
910 3097 995 3160 dona
1018 3118 1077 3160 sua
1098 3092 1229 3158 mereris
1241 3118 1251 3172 ;
1273 3103 1307 3157 at
1330 3105 1416 3159 certe
1441 3119 1503 3162 nos
1528 3098 1593 3182 ipsi

391 3221 521 3266 remees
536 3199 666 3276 erimus,
682 3198 744 3263 etsi
762 3198 987 3284 displiceamus
1013 3198 1053 3262 ad
1078 3198 1224 3262 horam.''
1269 3197 1351 3262 Hoec
1376 3220 1428 3262 me
1450 3199 1594 3265 stridunt

393 3301 555 3366 audiente.
600 3299 689 3366 Quid
704 3320 780 3384 ergo
794 3299 833 3363 fit
846 3300 876 3365 ei
890 3300 942 3364 vel
958 3300 1076 3364 dicitur
1090 3320 1248 3377 seorsum,
1260 3309 1346 3363 certe
1360 3308 1428 3363 tam
1443 3301 1549 3366 viliter
1560 3311 1595 3367 et

393 3405 518 3490 dejecte
543 3403 741 3478 tractabitur,
768 3403 856 3486 quod
875 3403 992 3467 exinde
1014 3401 1183 3468 veritatem
1206 3400 1360 3465 horrebit.
1405 3402 1459 3466 Illi
1483 3413 1594 3468 autem

394 3505 663 3570 immisericordes
679 3503 862 3569 debitorum
873 3524 1019 3570 meorum
1030 3513 1064 3569 et
1075 3503 1218 3581 foenoris,
1228 3511 1375 3568 ventrem
1398 3525 1494 3569 suum
1520 3506 1595 3570 dor-

395 3631 532 3694 sumque
558 3608 599 3673 de
624 3631 697 3672 meo
722 3607 848 3693 placare
873 3608 1085 3673 contendunt.
1130 3607 1172 3670 In
1197 3607 1244 3672 eis
1278 3607 1331 3672 ille
1356 3606 1506 3671 laudatur
1539 3607 1595 3693 qui

396 3712 565 3778 dominum
580 3711 696 3796 perdit,
714 3719 752 3772 ut
767 3731 859 3775 servo
874 3709 979 3796 prosit
992 3719 1026 3774 et
1040 3710 1081 3774 de
1095 3710 1183 3775 fideli
1198 3709 1347 3775 sodalitio
1362 3709 1518 3794 probatur
1526 3734 1536 3789 3
1562 3718 1597 3775 et

397 3815 453 3899 qui
463 3814 650 3879 mentiendo
665 3809 828 3896 deceperit
841 3810 925 3876 inter
940 3811 1019 3876 alios
1033 3812 1128 3893 ridet,
1145 3813 1219 3899 quia
1241 3813 1355 3878 derisit
1368 3811 1538 3876 dominum
1560 3823 1598 3878 ut

431 3961 447 3995 ¹*
465 3961 496 4010 ln
512 3961 556 4010 the
574 3961 633 4012 Ms.
650 3963 671 4011 it
687 3964 708 4012 is
724 3962 788 4012 u’ni.
822 3962 848 4011 lt
863 3978 966 4027 appears
986 3964 1040 4014 that
1054 3963 1076 4012 lt
1093 3965 1173 4028 might
1191 3963 1223 4013 be
1240 3963 1299 4014 read
1316 3963 1376 4022 mii,
1394 3962 1474 4022 which
1493 3978 1549 4028 may
1565 3963 1597 4016 be

399 4057 415 4090 a
425 4042 578 4092 conumh'on
588 4042 617 4091 ol
625 4044 729 4092 umeris·
740 4056 769 4090 or
778 4044 930 4092 monaster-il.
