3608 4862
259 549 328 615 cap.
339 548 444 612 i.-u1.]
623 550 671 594 nn
688 549 800 598 noers
816 551 1045 600 ousrnnruu.
1392 541 1434 602 69

231 701 355 766 meritis
379 721 442 766 nos
465 720 485 764 e
506 698 661 766 fluctibus
682 702 852 770 indemnes
872 704 1022 790 eriperet,
1047 713 1081 772 et
1102 705 1137 772 in
1160 705 1267 772 medio
1282 707 1432 794 procellis

231 801 402 890 conquievi
415 801 591 883 modicum,
606 810 640 869 et
654 824 728 870 ecce
741 805 809 869 vidi
818 805 988 871 dominum
1004 805 1198 894 Gregorium
1212 830 1272 894 per
1286 809 1432 896 singulos

229 915 345 971 nautes
364 905 579 984 incedentem,
594 905 792 974 animantem
806 930 863 974 eos
886 919 920 974 et
942 909 1124 991 docentem,
1139 921 1173 978 et
1191 912 1316 998 singule
1333 914 1432 978 corri-

230 1007 336 1093 gebat.
358 1006 530 1073 Excitatus
541 1007 641 1092 igitur
654 1008 764 1074 omnio
778 1009 883 1096 reperi
898 1032 1026 1076 summe
1039 1014 1281 1101 tranquillitate,
1303 1015 1431 1082 silentio

170 1093 176 1103 .
229 1109 360 1210 mprites
375 1109 521 1176 Domino
540 1109 682 1194 persolvi
704 1109 833 1196 greties.
879 1112 955 1178 Hoc
978 1113 1019 1178 dc
1043 1114 1117 1200 ipso
1138 1117 1351 1201 postmodum
1373 1118 1430 1184 eb-

229 1213 372 1281 betinuo
389 1213 586 1279 Hemelino*
600 1213 707 1294 retuli,
718 1215 806 1300 quod
821 1214 892 1300 ipse
906 1237 981 1280 osum
995 1217 1099 1282 muln
1112 1219 1287 1304 gratiarum
1301 1220 1429 1288 actione

227 1317 339 1382 multis
354 1316 527 1382 intimavit.
573 1316 648 1383 Hoc
669 1328 778 1382 eutem
794 1317 993 1385 Gillebertus
1015 1320 1056 1386 de
1078 1321 1189 1402 Loci,†
1211 1323 1261 1388 vir
1283 1324 1427 1406 illustris,

228 1419 283 1505 qui
298 1441 334 1484 ee
347 1419 471 1505 templo
487 1419 673 1500 donsveret,
687 1421 834 1501 audiens,
854 1423 1004 1509 exemplo
1019 1421 1084 1488 mei
1094 1447 1167 1490 cum
1182 1427 1328 1511 proedicti
1345 1426 1428 1493 Gre-

226 1521 307 1606 gorii
320 1521 470 1607 precibus
483 1530 516 1586 et
529 1520 755 1588 benedictione
769 1522 792 1588 J
793 1523 997 1588 erosolimem
1011 1525 1117 1610 petiit,
1126 1535 1161 1592 et
1170 1527 1205 1592 in
1215 1528 1297 1594 meri
1309 1528 1425 1597 Groeco

227 1623 373 1690 similiter
386 1623 450 1710 ipsi
465 1623 639 1710 contigisse
652 1626 865 1710 postmodum
876 1627 1027 1692 nerrevit.

535 1829 586 1892 De
601 1828 687 1892 beato
701 1829 800 1894 Petro
818 1827 1024 1896 Tereum.
1068 1831 1113 1896 iii.

267 1944 344 2010 Vidi
367 1946 579 2030 postmodum
608 1947 741 2012 beatum
770 1949 904 2014 Petrum
933 1949 1194 2035 archipraesulem
1223 1951 1424 2020 Therenthe-

225 2049 312 2128 sioe‚‡
328 2049 385 2135 qui
399 2059 529 2114 montes
542 2050 627 2116 inter
641 2051 781 2136 Alpinos
800 2053 932 2132 residet,
942 2053 1050 2118 virum
1065 2062 1164 2118 tentio
1179 2053 1310 2119 virtutis
1324 2065 1359 2120 et
1373 2067 1424 2123 tot

222 2150 382 2217 illustrem
397 2152 572 2232 miraculis,
596 2162 636 2217 ut
650 2153 775 2218 meritis
797 2153 1004 2240 antiquorum
1029 2176 1111 2238 quos
1135 2154 1170 2218 in
1193 2154 1329 2220 ecclesie
1344 2159 1423 2223 coli-

221 2277 296 2320 mus
309 2265 440 2340 potrum
455 2255 587 2341 oequelis
601 2256 708 2342 possit
729 2257 914 2341 justissime
934 2255 1112 2341 praedicsri,
1129 2257 1222 2340 cujus
1237 2279 1336 2323 menn
1351 2260 1421 2325 Do-

222 2360 331 2426 minus
357 2359 427 2424 solo
453 2368 543 2424 tectu
568 2368 602 2423 et
625 2380 721 2444 prece
741 2358 875 2424 curabat
895 2360 1054 2438 infirmos,
1070 2360 1230 2424 daemonie
1248 2361 1421 2447 effugabat,

221 2485 282 2529 nec
296 2461 504 2548 attemptavit
526 2461 615 2548 quod
631 2483 699 2526 non
714 2460 893 2546 perficeret.
938 2461 1004 2526 Hic
1019 2483 1077 2547 per
1092 2462 1160 2526 dies
1178 2463 1330 2528 undecim
1345 2486 1420 2529 cum

221 2565 403 2651 Anglorum
422 2585 496 2649 rege
519 2562 652 2628 domino
675 2561 821 2628 ilenrico
843 2563 987 2628 seeundo
1011 2563 1097 2648 opud
1113 2563 1333 2650 Lemovicesp
1350 2588 1420 2630 mo-

221 2667 392 2747 remissit,
406 2667 499 2753 cujus
525 2687 586 2752 ego
608 2685 752 2731 musmo
773 2687 848 2751 rege
868 2665 1008 2751 suscepi,
1030 2675 1064 2731 et
1078 2665 1175 2752 regiis
1198 2665 1329 2733 interim
1351 2669 1420 2734 esi-

252 2929 269 2961 ·
285 2931 433 2982 Hemelinns
448 2945 498 2980 nee
512 2929 588 2978 ebbot
607 2929 635 2979 oi
652 2929 801 2980 Gloncester
834 2929 910 2980 Ionis
921 2929 984 2982 Vll.
1003 2929 1031 2980 ol
1048 2931 1150 2992 Frenee,
1168 2933 1224 2983 who
1241 2949 1304 2984 nere
1322 2935 1381 2986 tben
1393 2939 1420 2986 et

218 3013 284 3063 from
295 3013 338 3063 the
355 3013 416 3063 esth
427 3013 456 3062 ol
465 3011 617 3077 September,
638 3012 710 3071 1148,
719 3017 747 3061 to
758 3012 801 3061 tbe
832 3027 891 3070 wsr,
914 3011 962 3061 end
984 3012 1016 3061 be
1037 3012 1059 3062 is
1081 3014 1135 3063 reid
1155 3019 1183 3063 to
1200 3014 1262 3064 bere
1278 3016 1419 3079 performed

220 3094 426 3155 lotbotllercb,
442 3097 515 3146 1179.
833 3109 908 3156 many
924 3094 1037 3143 muncler
1053 3093 1140 3145 before
1158 3096 1200 3145 tbe
1218 3099 1418 3148 twomonercbe.

252 3175 348 3232 runis
358 3191 408 3225 nee
424 3175 468 3224 the
483 3177 539 3225 first
556 3175 654 3225 Gilbert
672 3173 704 3224 de
723 3173 799 3238 laoy,
834 3174 881 3224 See
902 3174 984 3224 Gellio
998 3175 1147 3237 Christiane,
1165 3177 1215 3227 vol.
1232 3179 1277 3227 xii.
1295 3179 1342 3228 ool.
1358 3181 1418 3232 706.

218 3257 261 3307 tbe
286 3257 398 3321 pertinen
416 3257 446 3306 os
460 3257 504 3306 the
523 3271 633 3320 emprees
649 3256 757 3306 Metilde
773 3257 800 3305 in
832 3255 880 3305 We
897 3255 966 3305 leern
983 3257 1047 3306 from
1065 3257 1196 3317 Heroden,
1215 3259 1305 3308 Annel.
1318 3275 1344 3322 p.
1357 3262 1416 3321 532,

218 3340 261 3388 tbe
278 3339 335 3388 civil
350 3353 412 3388 nere
432 3338 461 3388 ol
478 3340 522 3387 tbe
539 3339 609 3402 reign
631 3337 659 3387 oi
679 3337 798 3401 Stephon.
832 3336 887 3385 tbst
916 3341 942 3386 et
960 3339 1005 3387 the
1021 3337 1157 3402 beginning
1175 3338 1204 3387 ol
1228 3339 1278 3388 tbis
1295 3355 1354 3403 yeer
1374 3342 1418 3392 tbe

218 3419 259 3469 lle
276 3419 419 3469 eiterrrerde
429 3420 530 3469 bemme
542 3435 557 3467 s
568 3419 683 3482 templer,
695 3419 745 3467 and
756 3418 799 3468 tbe
831 3417 979 3482 orcbbisbop
996 3419 1026 3468 of
1041 3420 1185 3470 Terenteise
1204 3435 1253 3468 nes
1272 3426 1372 3484 present
1390 3429 1417 3472 ot

217 3500 274 3550 dete
284 3500 314 3549 oi
321 3501 360 3548 hle
371 3500 445 3549 destb
456 3515 557 3564 nppeers
565 3505 592 3550 to
602 3501 633 3550 be
643 3500 781 3548 oncensin.
830 3499 874 3548 tbe
895 3501 1021 3563 esponsds
1042 3501 1071 3551 ot
1089 3503 1176 3566 prince
1198 3497 1269 3550 Jobn
1292 3499 1416 3565 (lienry’e

250 3584 265 3638 1
283 3580 364 3638 Peter,
374 3581 431 3630 rrbo
447 3581 487 3630 lor
504 3582 544 3630 bie
560 3581 651 3630 eeoetlc
661 3580 731 3642 piety
749 3595 799 3629 nee
830 3595 941 3643 younger
958 3580 1015 3646 eon)
1035 3583 1095 3630 rritb
1110 3583 1180 3631 Aulis
1197 3581 1318 3643 daughter
1328 3581 1358 3629 oi
1372 3581 1416 3632 tbe

172 3659 352 3713 ”waised
372 3661 407 3723 by
423 3661 467 3710 the
483 3661 575 3711 ehnrcb
590 3660 619 3710 of
638 3661 727 3719 Rome,
750 3660 800 3709 end
831 3666 908 3709 oonnt
919 3661 948 3710 os
964 3661 1126 3721 Meurienne;
1138 3662 1196 3720 end,
1214 3675 1242 3709 ee
1256 3661 1300 3710 the
1311 3660 1416 3724 English

215 3745 271 3794 who
287 3757 338 3791 was
349 3743 497 3806 nniverselly
512 3742 624 3792 believed
639 3746 667 3790 to
678 3727 739 3789 bere
750 3739 799 3788 bed
830 3740 892 3802 king
902 3746 967 3790 erent
977 3746 1005 3790 to
1016 3743 1146 3804 Aurergne
1156 3742 1196 3791 ior
1205 3740 1256 3788 thir
1267 3755 1385 3804 purpose,
1394 3742 1416 3792 it

214 3825 258 3874 tbe
268 3837 351 3888 power
361 3823 390 3874 ol
404 3824 516 3889 working
526 3823 646 3878 mirocles.
666 3836 715 3871 nee
726 3821 798 3870 erch-
830 3821 852 3870 ie
868 3820 986 3885 probeble
1001 3823 1057 3872 thet
1072 3825 1104 3872 be
1122 3839 1172 3873 nes
1188 3822 1364 3885 eccompenied
1380 3838 1415 3874 on

213 3903 303 3968 bishop
325 3905 354 3955 ol
372 3907 515 3956 'l'srenteiee
536 3906 601 3955 from
625 3906 686 3953 1141
710 3907 737 3952 to
758 3903 799 3952 bie
830 3901 882 3952 tbis
895 3901 1000 3967 jonrney
1017 3903 1157 3967 byWelter
1175 3903 1271 3967 Melpes,
1287 3902 1337 3953 end
1358 3906 1414 3956 tbet

215 3985 289 4034 death
300 3985 326 4034 in
338 3987 412 4040 1174.
446 3988 478 4036 ln
495 3989 558 4039 1173
577 3986 609 4035 be
622 3999 672 4034 nse
683 3983 797 4034 commis·
829 3984 889 4048 tbey
899 3984 970 4034 mede
980 4000 997 4033 e
1005 3985 1072 4035 brief
1079 3991 1134 4051 stry
1143 3991 1169 4036 nt
1180 3985 1306 4050 Limenes,
1318 4001 1345 4036 se
1355 4002 1413 4037 ner-

215 4067 343 4132 eionedby
360 4084 424 4134 pope
435 4068 574 4119 Alexander
590 4068 643 4119 111.
655 4072 682 4117 to
692 4071 798 4130 attempt
830 4067 900 4116 reted
910 4067 936 4114 in
946 4066 989 4115 the
1001 4073 1062 4118 tent.

214 4161 230 4197 e
251 4150 436 4201 reconcilietion
454 4151 565 4202 between
589 4150 676 4214 Hem
695 4148 733 4200 11.
749 4149 799 4199 end
863 4148 1018 4213 §llrnogen
