3650 4852
820 514 1008 558 dunarum
1033 513 1154 556 MAPES

504 929 684 994 Incidentio
697 931 845 1012 magati-i
862 929 996 991 Gestari
1011 929 1135 1009 Mohop
1151 927 1189 990 de
1202 929 1376 991 monachia.
1393 949 1468 993 xxv.

429 1049 586 1114 Monachi
600 1058 667 1112 tam
682 1046 745 1112 albi
761 1069 858 1133 quam
874 1047 966 1131 nigri,
985 1047 1069 1110 sicut
1090 1031 1181 1110 uisus
1204 1046 1351 1111 alaudam
1370 1047 1526 1128 territam,
1541 1050 1587 1114 ita

383 1153 527 1238 praedam
543 1175 635 1216 suam
650 1160 842 1238 agnoscunt,
856 1149 975 1215 milites
992 1150 1113 1215 scilicet
1128 1171 1210 1236 quos
1226 1149 1413 1234 deplumare
1435 1163 1588 1236 possunt,

384 1257 440 1342 qui
454 1258 506 1322 vel
520 1256 788 1341 patrimoniorum
803 1274 937 1319 suorum
960 1262 1208 1338 consumptores
1232 1262 1320 1332 sunt,
1335 1253 1387 1318 vel
1411 1255 1588 1341 compediti

383 1358 512 1424 debitis.
559 1359 632 1424 Hos
654 1357 810 1436 alliciunt,
833 1366 867 1422 et
888 1357 929 1421 ad
948 1357 1108 1422 camineas
1132 1378 1206 1420 suas
1232 1380 1251 1421 a
1275 1357 1414 1442 strepitu
1441 1381 1586 1424 seorsum

384 1463 424 1528 ab
440 1461 624 1548 hospitibus
640 1461 794 1540 caritatis,
809 1459 842 1523 id
867 1469 918 1525 est
941 1459 1136 1545 publicibus,
1151 1460 1247 1545 longe
1271 1459 1394 1525 deliciis
1418 1462 1588 1527 affluenter

385 1566 555 1646 exhibunt,
570 1564 780 1629 blandissime
792 1574 965 1649 precantur
974 1573 1012 1628 ut
1022 1564 1207 1650 hequenter
1217 1586 1274 1628 eos
1285 1564 1430 1645 visitent,
1441 1576 1475 1630 et
1489 1567 1588 1651 hujus

385 1670 447 1735 sibi
463 1669 627 1754 spondent
642 1677 815 1754 apparatus
827 1668 1006 1734 cotidianos
1018 1679 1052 1732 et
1061 1668 1171 1733 vultus
1188 1690 1315 1753 semper
1326 1669 1454 1748 hilares,
1466 1670 1587 1755 jejunis

384 1775 563 1840 ostendunt
599 1772 753 1851 officinas,
784 1794 994 1858 quoscunque
1032 1782 1172 1857 possunt
1202 1773 1237 1837 in
1267 1794 1379 1838 eorum
1410 1785 1589 1860 conspectu

356 1917 358 1922 ·
384 1879 554 1942 thesauros
575 1876 748 1940 effundunt
770 1877 957 1940 monasterii
983 1877 1136 1961 quatinus
1159 1877 1340 1957 videantur,
1366 1887 1400 1942 et
1424 1899 1514 1962 spem
1541 1880 1589 1943 eis

386 1981 565 2061 excitarint,
582 1979 725 2071 defectus
741 2001 855 2044 eorum
870 1979 1020 2066 supplere
1043 1980 1249 2065 promittunt,
1265 1982 1305 2045 ad
1321 1980 1433 2046 altaria
1447 1983 1589 2067 rapiunt,

385 2085 523 2150 edocent
538 2083 655 2170 quibus
679 2083 794 2163 dicata,
817 2093 898 2169 quot
920 2083 1191 2148 celebrationibus
1212 2084 1415 2148 honorentur
1438 2085 1566 2151 assidue
1578 2111 1588 2166 ς

383 2188 497 2252 fratres
512 2208 568 2252 eos
582 2188 618 2251 in
632 2186 774 2274 capitulo
789 2187 1005 2266 constituunt,
1027 2196 1061 2253 et
1086 2187 1267 2252 orationum
1291 2187 1474 2274 participes,
1491 2189 1589 2253 modo

385 2291 508 2371 dicunt,
523 2300 562 2355 ut
576 2291 621 2356 ait
634 2290 800 2376 Virgilius,

702 2413 733 2463 In
744 2417 837 2462 tectum
848 2413 871 2463 si
881 2413 967 2462 messis
979 2413 1026 2461 erit
1037 2412 1114 2476 frigus
1125 2413 1151 2460 in
1161 2412 1276 2462 umbra*

384 2509 541 2576 Monachi
571 2509 686 2595 nigri,†
715 2530 780 2595 quo
808 2509 915 2574 bonos
947 2509 1070 2574 habent
1108 2509 1267 2574 Basiliam
1302 2520 1338 2576 et
1375 2510 1590 2576 Benedictum

385 2623 543 2692 auctores,
558 2613 678 2678 nostris
694 2610 818 2676 habent
831 2633 935 2676 noros
957 2611 1134 2677 imitatores
1157 2613 1370 2699 temporibus,
1385 2613 1440 2700 qui
1455 2623 1490 2679 et
1504 2613 1590 2678 ordi-

386 2739 460 2782 nem
476 2715 690 2800 profiteantur
705 2715 857 2792 eundem,
872 2724 906 2779 et
926 2715 967 2778 de
989 2736 1049 2779 suo
1064 2717 1211 2801 quaedam
1227 2718 1363 2783 arctiora
1377 2717 1589 2782 ferventiores

384 2819 546 2904 adjiciant,
562 2839 644 2904 quos
666 2839 728 2882 nos
750 2817 802 2881 rel
824 2817 915 2881 albos
938 2819 1145 2884 nominamus
1170 2821 1347 2885 monachos
1369 2821 1421 2885 rel
1443 2821 1587 2906 grisos;‡

384 2921 464 3008 nigri
480 2921 605 2987 habent
619 2921 771 3007 regulam,
788 2920 875 3006 quod
891 2921 1065 2988 vilissimos
1079 2923 1217 2989 induant
1232 2947 1299 2990 suae
1320 2926 1495 3010 prouinciae
1510 2947 1590 3011 pan-

385 3047 459 3106 nos,
474 3034 509 3090 et
522 3048 561 3091 ex
578 3024 820 3110 dispensatione
836 3025 979 3111 pellicias
1002 3028 1154 3112 agninas;
1177 3037 1287 3093 tamen
1311 3029 1376 3094 albi
1399 3038 1437 3093 ut
1462 3028 1589 3115 qualem

385 3127 455 3194 ovis
470 3138 640 3214 gesserunt
654 3130 762 3192 lanam
778 3137 900 3193 textam
916 3129 1048 3208 habent,
1063 3129 1159 3195 alieni
1170 3131 1287 3196 coloris
1299 3131 1454 3211 nesciam,
1466 3142 1500 3197 et
1514 3154 1588 3196 cum

386 3232 426 3296 de
441 3230 576 3316 pelliciis
591 3230 700 3316 nigros
722 3231 899 3311 derideant,
914 3231 1062 3316 plurimis
1089 3242 1123 3296 et
1144 3231 1344 3297 suavissimis
1366 3232 1534 3298 abundant
1548 3233 1590 3297 ad

385 3333 657 3420 oequipollantiam
672 3331 803 3413 tunicis,
818 3333 906 3419 quod
927 3333 955 3396 si
978 3355 1045 3397 non
1068 3356 1087 3397 a
1107 3333 1300 3398 tinctoribus
1319 3335 1495 3420 rapiantur,
1509 3335 1591 3400 fiant

386 3437 427 3500 ad
450 3457 562 3522 regum
590 3436 719 3501 delicias
747 3446 783 3502 et
812 3437 995 3521 principum
1023 3437 1173 3523 pretiosae
1199 3438 1352 3503 scarleta.
1398 3438 1491 3524 Nigri
1515 3461 1589 3504 cum

386 3540 492 3604 Maria
507 3562 600 3607 secus
615 3541 715 3626 pedes
731 3539 868 3605 Domini
883 3540 1019 3605 verbum
1034 3541 1181 3620 audiunt,
1198 3563 1258 3606 nec
1276 3543 1317 3605 ad
1340 3543 1590 3608 sollicitudinem

418 3712 433 3746 *
449 3713 584 3773 Tristius,
604 3714 682 3762 which
700 3713 785 3786 stands
804 3714 861 3763 thus
881 3714 908 3762 iu
927 3713 969 3762 the
1035 3713 1122 3770 †The
1136 3715 1293 3764 Benedictias
1305 3716 1401 3765 mouks.

386 3794 452 3851 MS„
464 3810 566 3858 appears
577 3802 603 3844 to
614 3796 646 3844 be
656 3812 671 3844 a
681 3797 824 3859 corruption
839 3797 868 3845 oi
882 3795 967 3859 Vergil,
1035 3797 1050 3856 ξ(
1067 3796 1120 3845 The
1131 3796 1280 3846 cisterciens
1293 3812 1357 3846 were
1372 3797 1588 3862 indiscrimiustely

387 3879 404 3902 ‘¹
418 3877 484 3924 Ante
494 3877 587 3936 locum,
598 3879 620 3926 si
636 3878 712 3940 frigus
728 3879 782 3936 erit,
800 3879 821 3926 si
838 3877 932 3936 messis,
944 3877 971 3926 in
1003 3879 1090 3927 named
1102 3880 1176 3928 white
1186 3881 1273 3929 munke
1284 3895 1312 3928 or
1321 3895 1383 3945 Μ
1393 3881 1487 3930 mosks.

451 3957 567 4006 umbrs.”
764 3960 817 4008 so.
828 3977 853 4009 r.
865 3961 883 4009 1.
898 3959 937 4010 70.
