3610 4852
378 509 439 568 242
802 521 990 565 ausuram
1015 519 1148 564 uaeas.
1397 519 1562 581 [unusqu.

377 701 411 758 et
424 713 492 756 non
506 689 645 776 negavit.
690 689 769 753 Non
783 688 857 754 illos
873 689 945 752 dioo
968 687 1132 754 bursarios
1148 709 1229 772 quos
1256 687 1354 770 elegit
1376 707 1433 752 rex
1454 696 1493 752 ut
1515 687 1581 752 sint

376 794 522 858 omnium
539 793 669 872 summi,
685 791 743 856 sed
756 791 829 856 illos
845 813 927 876 quor
943 791 1106 856 innostra
1126 789 1257 875 propria
1281 789 1442 874 cupiditas
1457 800 1492 855 et
1504 811 1581 874 pro-

377 896 500 960 curatio
515 895 677 980 perduxit,
692 915 753 958 neo
767 892 886 958 mirum
908 892 1033 977 siquos
1051 891 1165 956 Simon
1190 890 1224 954 in
1251 893 1396 976 regimen
1420 893 1580 977 provexit,

380 997 506 1062 Simoni
521 1005 710 1082 supputant.
758 992 835 1058 Mos
855 1003 905 1058 est
929 992 1181 1078 negociatorum,
1196 1001 1234 1056 ut
1257 992 1345 1077 quod
1368 1002 1482 1058 emunt
1503 1015 1581 1058 ven-

380 1100 469 1166 dant.
533 1099 685 1164 Probatio
707 1099 800 1162 fortis
822 1106 857 1161 et
879 1106 1105 1182 argumentum
1126 1095 1262 1181 justitiae
1285 1097 1369 1180 regis
1392 1096 1497 1163 nostri
1520 1110 1582 1177 est,

379 1205 466 1289 quod
481 1203 664 1288 quicunque
683 1203 806 1288 justam
820 1201 943 1266 habent
964 1222 1093 1266 causam
1110 1221 1217 1266 coram
1231 1199 1305 1284 ipso
1320 1200 1411 1284 cupit
1432 1200 1582 1284 experiri,

379 1307 562 1393 quicunque
588 1328 720 1392 pravam
750 1325 816 1370 non
848 1304 939 1370 venit
971 1304 1012 1368 ad
1042 1303 1152 1388 ipsum
1177 1304 1241 1370 nisi
1267 1312 1399 1370 tractus.
1458 1305 1581 1389 Regem

380 1409 561 1474 Henrieum
587 1407 766 1472 secundum
800 1406 884 1484 dico,
911 1426 1007 1490 quem
1034 1404 1097 1470 sibi
1126 1405 1271 1490 judicem
1296 1406 1394 1492 elegit
1420 1407 1582 1491 Hispania

378 1513 497 1576 veteris
513 1522 546 1576 et
560 1510 699 1575 crudelis
723 1508 951 1574 controversiae
975 1530 1046 1590 quae
1061 1507 1248 1574 vertebatur
1271 1508 1356 1576 inter
1381 1530 1471 1593 reges
1486 1510 1582 1576 Tole-

378 1625 528 1678 tanorum
538 1623 572 1678 et
583 1613 769 1690 Navarroe,*
780 1633 853 1675 oum
864 1607 904 1674 ab
914 1611 1049 1694 antiquo
1059 1632 1131 1676 moa
1143 1611 1242 1677 fuerit
1252 1613 1398 1678 omnium
1408 1633 1581 1698 regnorum

379 1717 495 1802 eligere
521 1717 642 1780 curiam
667 1715 810 1779 Franciae
833 1715 1047 1798 prteserreque
1069 1713 1205 1790 catoris,
1225 1736 1313 1780 nunc
1335 1725 1445 1780 autem
1466 1718 1582 1782 merito

381 1821 484 1884 nostri
501 1820 585 1905 regis
600 1828 713 1884 nostre
732 1819 865 1903 praelata
879 1817 942 1880 fuit
961 1816 1127 1896 omnibus,
1142 1827 1175 1882 et
1190 1839 1287 1882 causa
1301 1828 1431 1883 vetusta
1445 1832 1582 1886 venuste

379 2027 527 2091 minister
552 2034 715 2110 aceeptus,
731 2021 792 2086 sub
818 2021 878 2084 alis
902 2021 972 2105 ejus
987 2022 1140 2090 venditur
1163 2031 1197 2086 et
1212 2024 1341 2090 emitur.
1387 2025 1456 2109 Ipsi
1471 2036 1580 2090 tamma

379 2130 418 2194 fit
433 2153 452 2194 a
467 2128 623 2193 ministris
643 2125 762 2210 iniquis
789 2127 968 2189 reverentia
991 2126 1094 2210 major
1116 2147 1213 2210 quam
1230 2128 1322 2207 Deo;
1346 2127 1420 2212 quia
1442 2129 1530 2212 quod
1552 2130 1581 2196 ei

378 2255 444 2296 non
468 2241 609 2316 possunt
633 2228 831 2293 abscondere
854 2236 942 2292 recte
956 2227 1077 2291 facient
1101 2227 1249 2302 iuvitati;
1272 2230 1360 2315 quod
1382 2241 1491 2296 autem
1509 2233 1581 2300 Deo

380 2336 588 2400 manifestum
603 2333 711 2398 sciunt
725 2341 918 2416 pervertere,
934 2352 1000 2395 non
1015 2342 1188 2412 verentur3
1212 2333 1305 2398 Deus
1324 2335 1411 2399 enim
1426 2358 1516 2402 serus
1532 2350 1583 2403 est

381 2439 477 2517 ultor,
499 2438 553 2502 hio
568 2438 673 2501 velox.
718 2435 797 2500 Non
821 2434 856 2498 in
871 2455 985 2498 omues
1008 2435 1124 2520 loquor
1144 2435 1281 2520 judices,
1298 2437 1355 2502 sed
1370 2438 1404 2502 in
1427 2441 1582 2526 majorem

380 2552 414 2606 et
431 2543 464 2605 in
488 2541 684 2605 insaniorem
699 2547 837 2625 partem.
881 2537 1029 2602 Audistis
1044 2538 1206 2604 infernum
1222 2549 1256 2604 et
1278 2541 1447 2625 parabolas
1456 2568 1465 2624 3
1482 2543 1583 2610 obvo-

379 2644 519 2710 lutiones
543 2655 651 2708 autern
676 2641 811 2727 ignium,
837 2640 972 2705 nebulas
996 2652 1030 2706 et
1044 2641 1193 2709 foetorem
1219 2644 1384 2727 anguium,
1399 2645 1581 2731 viperarum

382 2747 485 2828 sibila,
504 2747 644 2832 gemitus
665 2758 699 2811 et
713 2746 903 2831 lachrymas,
919 2744 1097 2808 foeditatem
1112 2755 1146 2809 et
1160 2745 1328 2812 horrorem
1344 2769 1401 2832 per
1415 2749 1542 2835 singula
1556 2754 1584 2818 si

382 2851 560 2915 seeundum
575 2849 759 2934 allegoriam
775 2847 898 2933 aperire
921 2848 968 2911 fas
995 2858 1056 2927 est,
1072 2870 1139 2912 non
1163 2849 1266 2913 deerit
1280 2850 1509 2935 quiddioatur,
1526 2855 1583 2919 sed

381 2955 578 3039 parcendum
611 2963 663 3018 est
693 2953 800 3030 curiae,
834 2961 911 3015 sunt
944 2952 1040 3016 etiam
1072 2951 1226 3036 longioris
1253 2955 1349 3039 spatii
1380 2979 1477 3042 quam
1503 2961 1583 3023 mibi

381 3079 493 3120 vacare
508 3057 635 3120 videam
644 3081 654 3135 3
678 3056 735 3120 sed
750 3077 769 3118 a
785 3054 946 3140 praedictis
968 3054 1078 3118 inferri
1100 3065 1210 3140 potest
1224 3057 1311 3141 quod
1327 3059 1414 3123 curia
1428 3059 1518 3126 locus
1534 3073 1584 3129 est

380 3159 537 3246 poenalis3
560 3160 722 3224 infernum
738 3180 809 3222 eam
824 3181 891 3221 non
907 3158 991 3234 dico,
1008 3158 1065 3223 sed
1080 3159 1146 3223 fere
1166 3169 1289 3224 tantam
1305 3160 1405 3226 habet
1418 3164 1460 3226 ad
1474 3164 1582 3249 ipsum

381 3263 627 3328 similitudinem
643 3271 795 3348 quantam
811 3260 896 3347 aequi
916 3263 1037 3326 ferrum
1061 3261 1102 3324 ad
1116 3284 1219 3348 aqum.
1264 3264 1335 3329 Rex
1350 3275 1459 3331 autem
1474 3269 1583 3354 hujus,

382 3366 508 3432 sibene
533 3366 628 3431 novit
651 3389 733 3446 eam,
748 3388 815 3430 non
842 3375 893 3429 est
918 3388 937 3428 a
962 3365 1123 3429 calumnia
1147 3366 1239 3445 liber,
1254 3367 1329 3452 quia
1343 3369 1400 3453 qui
1412 3381 1518 3436 rector
1533 3383 1584 3438 est

381 3480 511 3536 tenetur
526 3493 597 3536 esse
621 3479 792 3535 corrector.
837 3467 901 3533 Sed
925 3469 1009 3532 forte
1024 3467 1080 3554 qui
1104 3491 1177 3534 cum
1201 3470 1274 3555 ipso
1294 3483 1442 3556 praesunt
1466 3475 1584 3541 nolunt

380 3596 451 3638 eam
467 3597 627 3654 accusare,
642 3597 684 3639 ne
699 3574 755 3638 fiat
770 3573 811 3636 ab
826 3574 898 3658 ipso
914 3572 1035 3657 purior,
1050 3573 1203 3657 quoniam
1226 3575 1261 3638 in
1276 3597 1358 3660 aqua
1373 3577 1502 3643 turbida
1517 3581 1584 3667 pis·

380 3688 495 3742 cantur
515 3678 657 3757 uberius,
671 3686 705 3742 et
719 3676 783 3762 ipsi
797 3675 950 3740 nesciunt
969 3676 1057 3760 quod
1073 3676 1134 3740 sub
1150 3678 1196 3742 eis
1211 3678 1250 3743 fit
1265 3701 1324 3743 nec
1338 3681 1409 3765 ipse
1424 3702 1480 3746 rex
1495 3685 1583 3768 quod

379 3781 444 3866 ipsi
458 3781 581 3846 faciunt
596 3781 651 3866 qui
666 3788 862 3865 potestatem
877 3779 1010 3844 habent.
1054 3779 1111 3844 Ait
1125 3781 1300 3862 Dominus,
1315 3782 1451 3850 benefici
1466 3810 1584 3853 vocan-

414 3941 430 3974 *
446 3945 499 3993 The
521 3944 618 4008 quarrel
641 3943 750 3992 between
776 3941 819 3989 the
846 3940 919 4004 lrings
940 3941 970 3990 of
1002 3941 1074 3994 1177.
1118 3943 1164 3992 See
1187 3943 1268 4008 Roger
1290 3946 1321 3996 de
1342 3947 1469 4010 Hoveden,
1492 3952 1582 4001 Anasi.

382 4025 474 4074 Castile
492 4025 541 4074 and
552 4025 663 4074 Navarra
674 4039 723 4073 war
740 4023 873 4072 submitted
886 4029 913 4072 to
924 4024 966 4072 the
999 4039 1025 4087 p.
1038 4023 1094 4081 561,
1106 4023 1160 4073 who
1172 4023 1216 4072 bas
1233 4025 1305 4087 given
1325 4027 1367 4075 tha
1387 4028 1532 4079 documenta
1545 4046 1582 4080 re·

380 4108 512 4156 mediation
535 4108 564 4156 of
582 4107 669 4169 fleury
692 4106 730 4154 11.
755 4106 784 4154 ol
805 4105 917 4167 England
939 4107 965 4154 lu
999 4103 1113 4186 iatingto
1125 4105 1175 4152 this
1185 4111 1344 4171 controversy
1354 4115 1380 4156 at
1391 4125 1458 4159 some
1469 4111 1562 4176 length.
