3610 4852
362 514 426 572 200
801 529 990 573 susurrem
1008 527 1129 572 naras
1385 527 1505 590 [Dianae.
1517 529 1550 579 V.

362 705 433 761 tum
456 717 490 760 se
504 695 572 780 regi
591 695 734 760 exhibet.
780 696 930 781 Cumque
944 718 1053 781 regem
1074 695 1208 774 nesciat,
1224 717 1299 759 oum
1318 705 1409 759 tanta
1423 696 1565 782 plenitu-

364 799 439 863 dine
448 799 567 883 regiam
576 797 736 882 impendit
745 800 969 877 reverentiam,
980 823 1016 864 sc
1026 799 1163 884 despicit
1171 809 1203 863 et
1214 797 1379 884 aspicitur,
1389 821 1424 864 se
1433 801 1567 884 negligit

364 912 398 968 et
412 902 550 987 eligitur,
571 924 605 965 se
627 923 694 965 non
716 901 868 987 intelligit
890 912 924 966 et
946 903 1147 985 intelligitur,
1173 924 1240 966 uon
1263 903 1354 986 cupit
1376 911 1433 967 aut
1447 913 1565 988 sperat,

364 1027 431 1070 non
446 1026 539 1068 avare
552 1004 661 1083 servit,
673 1026 740 1068 non
755 1004 789 1067 in
805 1015 920 1083 tramo,
936 1015 974 1068 ut
989 1005 1067 1090 quid
1081 1005 1208 1082 referat,
1220 1013 1327 1068 totum
1343 1025 1377 1068 se
1392 1003 1565 1070 liberaliter

364 1107 523 1193 impendit
531 1131 541 1186 3
565 1114 599 1170 et
619 1115 731 1191 aperto
747 1106 843 1171 corde
859 1107 1000 1172 decurrit
1014 1129 1081 1172 non
1099 1118 1137 1171 ut
1152 1108 1272 1172 emolat
1293 1117 1350 1172 aut
1364 1108 1517 1188 lucretur,
1531 1118 1564 1174 et

363 1211 399 1276 in
414 1210 671 1276 emolumentum
697 1219 731 1274 et
752 1209 879 1276 lucrum
897 1210 1046 1276 incautus
1072 1210 1226 1275 illabitur.
1272 1210 1409 1296 Capitur
1434 1211 1469 1275 in
1494 1213 1564 1296 ejus

364 1335 462 1399 opera
476 1335 543 1392 rex,
558 1323 594 1377 et
606 1312 741 1398 adoptat
758 1313 791 1376 in
807 1313 986 1398 proprium,
1003 1323 1040 1377 ut
1054 1313 1226 1398 praesidem
1237 1335 1312 1377 eum
1328 1313 1453 1398 magnis
1468 1313 1564 1378 faciat

265 1493 268 1499 Δ
364 1417 493 1503 opibus.
516 1417 582 1481 Hic
597 1439 669 1480 mos
683 1426 786 1481 estut
801 1438 865 1501 quo
881 1417 953 1502 quis
968 1418 1101 1481 hamum
1113 1416 1340 1480 sollicitudinis
1355 1416 1449 1480 avida
1463 1417 1564 1482 mittit

363 1520 505 1585 versutia
524 1541 591 1583 non
606 1519 756 1597 aduncet,
770 1527 804 1583 et
823 1519 987 1584 instantiae
1010 1519 1149 1604 simplici
1164 1519 1204 1582 de
1233 1518 1314 1583 coelo
1336 1519 1428 1602 pluat
1449 1541 1491 1586 ex
1513 1519 1563 1584 in·

364 1631 493 1708 sperato
507 1622 618 1707 gratia.
662 1622 732 1686 Rex
747 1621 846 1700 enirn,
861 1622 937 1686 licet
946 1622 981 1685 in
996 1621 1067 1686 aliis
1081 1621 1194 1699 hebes,
1209 1620 1318 1684 omnia
1332 1631 1434 1699 notat,
1450 1621 1562 1699 ebibit,

364 1734 398 1790 et
412 1733 568 1808 acceptat,
588 1734 622 1788 et
635 1723 712 1788 licet
725 1723 795 1809 ipse
818 1724 907 1808 piger
928 1724 1044 1809 agilem
1062 1724 1095 1787 in
1117 1724 1173 1789 illo
1188 1745 1297 1788 curam
1312 1734 1563 1809 promptumque

318 1850 322 1858 ’
363 1827 481 1912 probat
502 1826 715 1906 famulatum3
735 1835 774 1890 ut
787 1827 883 1890 multi
904 1826 1038 1891 laudant
1053 1827 1141 1912 quod
1161 1826 1281 1891 imitari
1295 1849 1362 1891 non
1377 1837 1562 1912 properant.

363 1930 454 1994 Tulit
467 1951 542 2012 ergo
554 1929 663 2014 ipsum
678 1928 777 1992 resin
794 1928 973 1992 thalamum
983 1951 1090 2007 suurn,
1099 1940 1133 1992 et
1146 1949 1301 2013 processu
1315 1929 1471 2012 temporis
1487 1929 1563 1994 sub-

364 2033 489 2098 limavit
512 2054 608 2117 super
623 2041 736 2096 omnes
752 2031 914 2117 principes
930 2031 1030 2116 regni,
1044 2043 1079 2096 et
1093 2053 1167 2095 cum
1183 2031 1311 2115 cingulo
1326 2030 1449 2095 militiae
1463 2031 1563 2095 comi-

363 2146 468 2201 tatum
483 2135 513 2199 ei
526 2134 741 2220 Gloucestriae
758 2134 906 2198 contulit.
937 2133 1100 2218 Ipsevero
1115 2132 1300 2218 pererrabat
1314 2155 1427 2198 omnes
1436 2133 1562 2218 Anglire

363 2251 489 2324 portus,
503 2248 576 2304 tum
590 2249 675 2302 terra
689 2247 759 2301 tum
776 2237 868 2314 mari,
890 2237 1011 2322 piratas
1033 2257 1147 2301 omnes
1164 2236 1345 2316 destruens,
1367 2245 1402 2301 et
1414 2237 1499 2302 facta
1513 2247 1564 2302 est

362 2342 480 2426 Anglia
493 2361 552 2425 per
566 2340 636 2424 ejus
652 2360 783 2423 operam
798 2339 896 2402 timor
911 2338 1058 2403 omnium
1080 2337 1376 2423 circumjacentium
1393 2347 1561 2417 terrarum,

364 2467 437 2532 quae
457 2446 562 2507 fuerat
576 2463 686 2506 earum
709 2441 847 2526 direptio
862 2451 896 2505 et
910 2442 1028 2526 praeda.
1073 2441 1207 2507 Quievit
1220 2441 1317 2526 igitur
1336 2450 1370 2506 et
1384 2441 1563 2526 respiravit,

364 2549 482 2634 etipse
497 2568 606 2611 comes
617 2545 706 2630 pacis
722 2555 755 2610 et
770 2545 888 2631 quietis
909 2545 1093 2630 impatiens,
1108 2553 1179 2608 toto
1190 2554 1321 2630 pectore
1332 2543 1437 2609 fluens
1452 2567 1561 2610 amore

363 2651 450 2730 belli,
479 2651 513 2713 in
542 2646 764 2712 transmarinis
790 2648 890 2711 tantis
915 2657 1045 2731 tamque
1074 2646 1259 2731 longinquis
1289 2646 1483 2710 exercitatus
1511 2658 1563 2713 est

364 2753 495 2842 praeliis,
517 2761 643 2816 uttam
670 2750 852 2816 Sarracenis
882 2773 978 2834 quam
1008 2749 1203 2813 Christianis
1232 2759 1318 2814 esset
1346 2770 1467 2815 nomen
1491 2751 1563 2835 ejus

362 2857 581 2933 notissimum,
597 2865 630 2919 e't
644 2853 903 2939 incomparabilis
919 2852 1039 2938 ubique
1059 2854 1154 2916 fama.
1200 2853 1373 2937 Repletum
1395 2861 1447 2916 est
1464 2851 1561 2936 igitur

362 2961 398 3024 in
412 2958 520 3023 reditu
531 2979 591 3020 suo
605 2956 718 3019 laetitia
732 2977 877 3040 regnum.
924 2954 1088 3041 Quicquid
1101 2955 1189 3019 enim
1204 2955 1411 3033 affabilitatis,
1427 2955 1562 3036 facetiae,

363 3060 530 3146 largitatis,
546 3081 564 3122 a
579 3059 693 3143 quovis
708 3057 810 3122 nobili
824 3058 987 3123 ueletiam
1010 3059 1093 3143 regis
1107 3058 1174 3122 filio
1188 3059 1271 3123 solet
1281 3069 1337 3124 aut
1347 3059 1438 3143 juste
1453 3069 1563 3143 potest

364 3163 483 3249 expeti,
494 3171 601 3226 totum
613 3160 766 3225 omnibus
777 3161 938 3226 hilaritate
950 3161 1046 3247 plena
1057 3161 1189 3227 bubulci
1200 3162 1285 3226 filius
1297 3161 1440 3227 exhibet.
1463 3161 1561 3228 Quod

364 3268 495 3353 quidem
512 3287 551 3330 eo
562 3264 692 3331 videtur
707 3263 893 3345 mirabilius,
909 3287 973 3351 quo
988 3265 1124 3350 contigit
1137 3266 1343 3352 insperatius.
1377 3264 1462 3331 Quis
1477 3265 1565 3329 enim

362 3370 521 3436 rusticum
543 3368 731 3432 rusticitatis
749 3378 915 3453 expertem
935 3369 1089 3448 crederet,
1111 3379 1146 3432 et
1167 3379 1260 3434 tanto
1279 3369 1438 3434 virtutum
1463 3369 1564 3434 odore

363 3473 546 3559 praecluem.
591 3472 671 3536 Nou
694 3471 768 3536 dico
788 3472 894 3535 virum
918 3471 1053 3551 bonum,
1069 3473 1126 3537 sed
1148 3472 1287 3557 probum
1309 3482 1343 3536 et
1365 3471 1563 3556 improbum,

362 3575 586 3663 generositatis
601 3583 653 3639 est
665 3574 732 3637 filia
745 3573 886 3654 bonitas,
901 3575 994 3658 cujus
1009 3573 1127 3639 habere
1142 3597 1304 3638 summam
1319 3575 1493 3659 degeneres
1507 3575 1563 3638 dat

363 3679 541 3764 sapientia3
563 3678 707 3763 probitas
731 3687 840 3741 autem
862 3687 929 3740 tam
951 3687 1004 3741 est
1021 3677 1100 3742 boni
1122 3699 1217 3763 quam
1241 3677 1328 3756 mali,
1349 3676 1479 3742 bonitas
1494 3699 1563 3741 non

362 3781 427 3846 nisi
449 3779 593 3861 bonum3
619 3780 764 3866 probitas
794 3789 968 3864 utrumque
997 3780 1084 3845 facit.
1133 3779 1232 3844 Hunc
1261 3790 1370 3843 autem
1395 3800 1463 3842 non
1491 3781 1561 3845 dico

362 3883 498 3964 bonum,
510 3883 585 3969 quia
599 3885 789 3970 degenerem
800 3883 878 3962 scio,
893 3882 950 3946 sed
960 3882 1110 3968 probum,
1126 3884 1201 3967 quia
1210 3893 1360 3946 strenuus
1372 3882 1409 3945 in
1419 3883 1561 3968 agendis,

362 3986 467 4050 audax
481 3986 516 4050 in
530 3985 691 4071 pericrdis,
711 3986 746 4050 in
762 4008 855 4050 casus
877 3985 1026 4052 involans
1045 3996 1199 4051 executor
1219 3983 1373 4065 invictus,
1388 3984 1560 4051 dubiorum
