3610 4852
245 515 305 578 Cap.
317 513 372 575 xa]
648 513 695 556 ΒΕ
713 513 823 557 NUGIS
840 512 1066 556 GURIALIUM.

227 680 465 746 nibilsnmus.’'
489 681 582 746 Tunc
592 681 732 767 sapiens,
747 682 912 746 “Mecum
924 682 1034 746 veniat
1044 681 1196 747 Salomon
1207 705 1280 748 curn
1291 683 1357 748 tilia
1367 695 1434 766 tua,

227 797 265 850 ut
280 783 375 849 nobis
391 784 500 866 ipsum
515 783 653 848 lenitum
668 784 875 848 reddamus?
920 784 1030 849 Secuti
1055 794 1132 848 sunt
1151 807 1228 870 ergo
1243 788 1434 870 sapientem,

227 888 345 974 quibus
362 889 466 952 Camo
489 887 651 951 mandatis
666 909 740 952 cum
762 888 902 952 maxima
918 888 1056 952 militum
1073 911 1194 974 pompa
1208 891 1357 967 occurrit,
1381 893 1433 957 cui

228 991 368 1076 sapiens,
392 991 587 1055 “Dominus
603 1001 716 1055 noster
730 989 897 1070 Salomon,
918 1014 1014 1076 quern
1035 992 1130 1056 nobis
1152 992 1238 1078 leges
1254 1003 1383 1078 patrum
1400 1007 1434 1060 et

224 1097 298 1180 jura
312 1094 506 1180 praeficiunt,
517 1116 595 1158 suos
610 1093 706 1158 nobis
720 1095 863 1180 resignat
878 1117 1015 1174 amores,
1032 1096 1205 1160 Hannonis
1218 1097 1316 1160 filiam
1333 1097 1434 1162 intac-

228 1209 307 1278 tam,
326 1199 435 1284 utqui
458 1197 582 1282 priores
603 1197 790 1261 adolevistis
812 1197 846 1260 in
869 1217 941 1261 eam
963 1198 1054 1280 ignes
1075 1196 1195 1262 crebris
1219 1221 1285 1263 non
1306 1200 1433 1266 fraude-

229 1301 308 1365 mini
323 1302 454 1386 cupitis,
470 1323 625 1387 suamque
641 1301 841 1365 voluntatem
864 1300 1002 1380 abdicat,
1018 1311 1055 1364 ut
1069 1311 1185 1366 vestrae
1205 1304 1350 1384 satisfiat,
1365 1318 1432 1371 tor·

229 1406 319 1489 queri
341 1406 466 1470 malens
488 1405 541 1469 vel
566 1405 627 1484 uri,
650 1427 748 1490 quarn
770 1415 862 1468 tanto
886 1405 991 1468 amico
1006 1404 1091 1468 viam
1112 1406 1235 1489 aperire
1258 1409 1431 1473 scandali.''

228 1509 344 1576 Victus
359 1511 459 1593 igitur
472 1511 533 1575 hac
546 1510 737 1576 liberalitate
753 1509 866 1589 Gamo,
890 1510 1098 1574 Salomonem
1118 1531 1179 1595 pro
1197 1511 1378 1576 humilitate
1398 1525 1432 1578 et

228 1613 330 1678 amica
351 1615 477 1678 reddita
499 1613 663 1692 exaltavit,
684 1623 718 1678 et
744 1635 812 1678 suoe
838 1612 1036 1676 deditionem
1062 1612 1192 1677 virtutis
1219 1624 1253 1677 et
1275 1615 1431 1682 auxilinm

227 1715 390 1801 promisit.
423 1713 588 1779 Omnibus
599 1716 651 1779 his
663 1714 766 1800 pactis
782 1714 823 1779 ab
838 1715 978 1799 Ylispon
994 1715 1124 1795 auditis,
1140 1715 1282 1782 collectis
1297 1720 1431 1800 viribus,

228 1817 381 1882 adversus
397 1815 605 1881 Salomonem
625 1827 787 1902 properat,
810 1817 896 1880 diem
918 1815 1003 1881 bello
1023 1817 1171 1903 praefigit.
1215 1819 1432 1905 vigilantissi-

228 1943 300 1985 mus
320 1921 374 1984 ille
396 1942 497 1984 senex
518 1920 558 1984 de
575 1919 723 1984 Kimelec
738 1919 844 1984 locum
860 1918 937 1984 belli
953 1921 1088 2004 singulis
1109 1921 1256 2006 explorat
1270 1926 1431 2007 noctibus,

227 2025 325 2088 situm
338 2023 460 2088 scilicet
473 2023 537 2088 loci
558 2024 730 2108 optimum,
746 2024 780 2086 in
790 2023 847 2086 illo
862 2023 1051 2101 adventum,
1064 2026 1249 2105 stationem,
1265 2028 1431 2114 effugium.

228 2129 334 2193 Nocte
357 2129 455 2212 igitur
473 2128 508 2191 id
538 2127 686 2204 faciebat,
709 2149 751 2192 ne
771 2127 942 2190 manifesta
962 2125 1053 2190 fieret
1073 2127 1223 2192 hostibus
1248 2153 1307 2193 sua
1336 2135 1431 2197 sedu-

226 2233 310 2313 litas,
334 2246 371 2297 ut
393 2233 446 2297 vel
467 2234 575 2297 locum
599 2241 762 2295 mutarent
784 2230 858 2314 quia
881 2229 1095 2315 exploratum,
1118 2231 1171 2296 vel
1192 2233 1255 2316 ipsi
1281 2239 1431 2321 exemplo

228 2338 297 2422 ejus
313 2336 399 2400 idem
414 2336 567 2400 facerent.
612 2333 760 2418 Contigit
780 2333 843 2418 ipsi
857 2333 941 2397 visio
959 2356 1026 2398 non
1047 2335 1229 2400 omittenda
1242 2348 1339 2404 nocte
1356 2351 1431 2406 ante

227 2438 347 2504 bellum
372 2440 529 2525 proxima,
552 2438 640 2524 quod
662 2438 703 2501 ad
726 2435 873 2501 arborem
897 2436 1043 2520 praedicti
1065 2437 1129 2501 loci
1151 2440 1276 2504 veniret
1292 2442 1431 2527 Ylispon

228 2544 327 2621 solus,
349 2554 383 2607 et
402 2542 475 2628 ipso
493 2541 624 2605 vidente
646 2541 766 2605 faceret
789 2539 981 2604 sacrificium
1006 2539 1068 2602 diis
1091 2540 1313 2622 infernalibus,
1339 2546 1431 2631 cujus

226 2647 389 2710 instantiae
403 2645 536 2709 tandem
550 2666 745 2729 responsum
760 2655 821 2723 est,
836 2655 874 2707 ut
889 2643 944 2728 qui
959 2643 1046 2728 prior
1061 2645 1201 2709 crastino
1217 2646 1294 2710 illuc
1305 2647 1429 2712 inveni-

227 2762 316 2814 retur
329 2751 433 2815 victor
454 2749 557 2826 fieret,
580 2750 723 2834 dumque
746 2749 787 2812 ad
812 2770 890 2812 suos
915 2747 999 2810 bella
1019 2748 1238 2832 dispositurus
1258 2753 1432 2818 revertitur

225 2855 302 2919 illuc
329 2855 438 2918 statim
459 2854 682 2938 repedaturus,
717 2851 846 2936 sapiens
868 2851 910 2914 ad
933 2851 1042 2916 locum
1065 2852 1198 2918 adducit
1223 2854 1430 2922 Salomonem

226 2959 260 3022 in
281 2957 485 3035 antelucano,
506 2968 544 3021 ut
561 2955 786 3034 nunciabatur,
809 2955 960 3041 priorque
979 2954 1133 3044 inventus
1155 2967 1215 3022 est.
1261 2959 1430 3026 Ordinatio

228 3061 326 3145 igitur
351 3061 462 3125 cuneis
492 3059 675 3125 Salomonis
699 3059 740 3121 ad
762 3057 881 3122 bellurn
903 3079 922 3120 a
945 3059 1091 3142 sapiente
1124 3069 1256 3123 centurn
1278 3061 1433 3149 relinquit

228 3165 346 3228 milites
361 3165 395 3228 in
419 3162 612 3243 subsidium,
636 3172 722 3227 retro
738 3162 913 3247 phalanges
929 3161 963 3224 in
980 3161 1103 3226 silvulae
1120 3163 1280 3228 densitate
1295 3165 1432 3231 abscon-

228 3271 324 3347 ditos,
340 3278 373 3333 et
387 3277 424 3331 ut
435 3266 576 3332 breviter
591 3267 740 3331 confecto
756 3265 899 3329 exercitu
910 3264 1052 3349 Ylispon
1068 3276 1101 3328 et
1116 3266 1269 3350 effugato,
1286 3271 1431 3354 sapiente

227 3395 303 3438 vero
319 3394 394 3437 cum
411 3383 535 3456 septem
551 3371 626 3434 filiis
643 3369 761 3448 occiso,
776 3378 958 3432 revertente
975 3367 1141 3432 Salomoni
1156 3391 1231 3432 cum
1247 3371 1431 3454 quindecim

229 3476 397 3554 militibus,
434 3475 558 3539 crateris
594 3471 746 3537 omnibus
780 3469 906 3548 occisis,
944 3478 1080 3554 excepto
1109 3470 1198 3555 quod
1227 3471 1291 3556 ipsi
1321 3475 1432 3541 aderat

227 3580 368 3644 Leucius
384 3601 424 3642 ex
441 3577 662 3662 confraganeis
676 3576 742 3639 suis
754 3597 829 3640 cum
841 3572 973 3658 triginta
984 3593 1040 3635 sex
1056 3574 1195 3657 propriis
1208 3575 1287 3654 suis,
1301 3577 1432 3643 videns·

226 3705 288 3769 que
313 3705 348 3746 se
369 3681 542 3746 Salomone
563 3679 730 3744 fortiorem
752 3677 934 3742 facinoroso
955 3675 1098 3760 concipit·
1120 3676 1155 3740 in
1175 3679 1271 3742 corde
1298 3681 1387 3765 quod
1402 3684 1431 3748 si

227 3786 381 3851 Salomon
402 3785 443 3850 de
465 3785 572 3848 medio
592 3783 683 3847 fieret
705 3783 775 3867 ipse
797 3779 1005 3854 fortissimus,
1027 3779 1061 3842 in
1084 3801 1183 3864 regno
1204 3781 1353 3847 diadema
1368 3785 1431 3850 sibi

226 3899 338 3976 posset
352 3889 529 3972 imponere,
546 3907 755 3971 seorsumque
768 3907 841 3948 cum
855 3883 923 3946 suis
934 3882 1047 3947 habito
1063 3883 1198 3948 consilio
1215 3885 1429 3970 suspitionem

227 3992 394 4058 Salomoni
409 3990 497 4070 facit,
512 3990 567 4075 qui
583 4011 618 4054 se
630 4011 704 4054 cum
717 3988 784 4053 suis
801 3986 841 4050 ad
857 3985 1080 4051 defensionem
1091 3995 1125 4051 et
1137 3988 1245 4073 fugam
1262 4001 1431 4076 praeparat.

227 4097 327 4161 Irrnit
349 4095 382 4158 in
405 4094 514 4179 ipsum
537 4115 613 4158 curn
636 4091 702 4156 suis
718 4090 870 4168 Leucius,
893 4100 927 4154 et
947 4088 979 4152 vi
1002 4089 1123 4173 majore
1146 4091 1233 4176 cogit
1254 4092 1287 4156 in
1311 4093 1431 4178 fugam.
