3610 4852
218 539 343 605 eaput]
608 537 655 582 ur
674 536 785 584 suuis
803 539 1029 584 eversurum.
1344 526 1404 585 199

202 709 351 794 Edgarus
364 706 542 790 Anglorum
552 727 618 785 rer,
632 716 813 786 stemmate,
825 707 981 787 moribus,
996 717 1030 773 et
1041 729 1140 793 regno
1152 707 1348 792 proenobilis,
1363 708 1405 772 de

202 835 323 900 sponsa
338 812 475 877 similem
499 811 561 875 sibi
575 811 658 874 bene
676 813 902 896 patrissantem
919 813 1064 898 suscepit
1088 812 1294 892 Edwardum,
1310 813 1404 898 cujus

203 928 305 981 matre
318 917 471 979 defuncta
482 915 522 978 de
535 915 676 978 secunda
692 914 754 978 sibi
768 916 911 1000 legitima
930 918 1074 1001 suscepit
1088 917 1296 994 Edelredum,
1313 917 1406 1002 cujus

203 1031 306 1084 mater
322 1016 481 1081 Eduardo
502 1037 636 1101 regnum
660 1017 809 1081 invidens
835 1019 898 1102 ipsi
924 1039 1087 1083 venenum
1113 1018 1309 1103 propinavit,
1340 1041 1403 1103 quo

204 1143 271 1185 nun
287 1119 476 1204 proficiente
492 1118 661 1183 conductis
681 1120 790 1204 ipsum
806 1119 964 1184 militibus
980 1121 1144 1184 interemit
1159 1121 1246 1205 apud
1263 1120 1404 1186 Sceftes-

203 1222 329 1286 biriam.
375 1220 539 1286 Successit
566 1221 665 1305 igitur
689 1221 818 1305 Edgaro
842 1243 898 1286 rex
920 1221 1135 1299 Edelredus,*
1159 1244 1255 1306 quem
1276 1221 1406 1308 Anglici

204 1323 375 1389 consilium
399 1335 607 1401 vocaverunt,
632 1324 707 1409 quia
731 1325 852 1387 nullius
879 1335 947 1388 erat
972 1325 1104 1408 negotii.
1150 1326 1215 1390 Hic
1239 1328 1278 1390 de
1295 1349 1404 1392 sorore

204 1427 333 1492 comitis
352 1425 563 1489 Normanniae
578 1425 646 1489 sire
661 1425 752 1489 ducis
769 1427 851 1489 duos
864 1427 978 1490 habuit
989 1427 1085 1506 filios,
1098 1427 1276 1492 Illvredum
1288 1440 1322 1493 et
1337 1429 1405 1492 Ed·

205 1529 359 1594 wardum.
402 1527 512 1610 Hujus
527 1527 679 1610 ignobilis
696 1527 847 1592 Edelredi
863 1538 1020 1615 tempore,
1033 1541 1165 1616 pmpter
1187 1531 1290 1616 ipsius
1313 1533 1404 1616 inep-

207 1633 285 1696 tiam
316 1641 350 1696 et
371 1631 532 1708 inertiam,
560 1651 652 1715 reges
675 1629 854 1696 insularum
880 1633 1090 1698 finitimarum
1116 1646 1185 1698 turn
1213 1635 1338 1720 praedas
1364 1634 1405 1699 ab

209 1733 325 1818 Anglia
340 1743 410 1796 tum
436 1730 477 1795 ab
503 1732 574 1816 ipso
591 1732 752 1797 Edelredo
768 1734 863 1798 xenia
878 1736 1010 1819 pacifica
1024 1735 1214 1801 referebant.
1261 1737 1407 1802 Surrexit

205 1849 314 1902 autem
331 1859 368 1900 ea
382 1846 578 1920 tempestate
593 1836 642 1898 vir
657 1837 787 1920 quidam
811 1831 876 1902 hoc
898 1841 1029 1921 modo.†
1051 1840 1264 1904 Aberraverat
1280 1843 1406 1905 asociis

208 1951 327 2005 venatu
344 1939 535 2003 Edelredus.
560 1939 686 2024 Hyems
702 1951 780 2020 erat,
792 1951 825 2004 et
840 1941 971 2006 devenit
987 1954 1085 2007 noctu
1102 1944 1191 2007 solus
1206 1944 1407 2007 errabundus

205 2044 248 2107 ad
260 2043 393 2107 domum
409 2042 577 2127 cujusdam
594 2043 738 2106 custodis
753 2066 923 2108 vaccamm
939 2067 1081 2124 suarum,
1096 2057 1210 2131 petens
1221 2058 1254 2112 et
1276 2069 1408 2112 conces-

207 2168 281 2210 sum
305 2146 484 2231 suscipiens
510 2146 699 2230 hospitium.
745 2148 875 2211 Prosilit
890 2169 965 2232 ergo
991 2149 1128 2233 impiger
1150 2150 1236 2214 filius
1262 2150 1406 2214 custodis

207 2269 298 2334 puer,
313 2249 445 2312 nomine
462 2248 655 2323 Godwinus,
670 2249 835 2332 pulchrior
846 2259 879 2314 et
894 2251 1008 2314 melior
1023 2274 1119 2336 quarn
1134 2251 1197 2336 ipsi
1213 2252 1303 2315 daret
1322 2252 1408 2316 linea

208 2353 363 2436 priorum.
408 2350 530 2414 Ocreae
546 2351 714 2430 abstrahit,
730 2353 895 2430 emundat,
922 2365 956 2418 et
980 2354 1109 2438 reponit
1117 2380 1126 2433 ;
1150 2377 1269 2439 equum
1296 2355 1409 2434 abluit,

208 2463 388 2517 extractum
412 2451 524 2530 ambit,
540 2453 656 2537 strigili
682 2454 788 2538 tergit,
804 2464 837 2517 et
859 2465 1035 2518 stramenta
1061 2456 1218 2541 supponit
1241 2466 1275 2519 et
1288 2456 1408 2541 pabula

208 2555 392 2632 ministrat3
414 2555 523 2618 omnia
546 2555 737 2639 composite,
763 2555 917 2634 celeriter,
943 2566 976 2620 et
1000 2557 1121 2620 munde
1144 2557 1297 2642 disponit.
1343 2557 1408 2622 Hic

208 2660 300 2743 quasi
316 2659 451 2723 dilectus
467 2658 567 2742 patris
593 2670 627 2722 et
644 2670 789 2742 angustas
813 2669 993 2744 praeceptor
1008 2661 1136 2740 domus,
1157 2661 1408 2746 pinguissimum

208 2762 344 2847 apponit
355 2762 421 2846 igni
435 2783 591 2826 auserem.
638 2761 790 2826 Sororem
800 2762 933 2827 adhibet
942 2764 1099 2826 custodiae
1109 2776 1200 2848 pater
1209 2787 1297 2840 suus,
1309 2784 1408 2828 unum

206 2865 301 2950 jubet
316 2866 420 2950 parari
435 2865 585 2950 gallinam
595 2889 605 2943 3
627 2864 681 2928 ille
697 2867 807 2929 stetim
823 2876 901 2931 tres.
946 2867 1017 2951 Igni
1039 2868 1174 2952 apponit
1195 2879 1287 2953 pater
1305 2891 1409 2934 unum

209 2967 285 3032 salsi
308 2969 398 3053 porci
424 2968 564 3032 frustum
580 2967 721 3031 oleribus
737 2969 877 3053 apponi3
903 2969 957 3034 ille
977 2971 1038 3034 tria
1058 2983 1267 3056 properanter
1288 2972 1409 3056 adjicit,

208 3079 242 3133 et
257 3080 375 3154 praeter
389 3069 501 3134 matris
521 3079 554 3132 et
571 3069 673 3154 patris
688 3069 821 3134 adhibet
841 3073 1073 3138 conscientiam
1096 3074 1295 3152 nefrendem,
1310 3075 1344 3138 id
1359 3083 1411 3139 est

209 3172 448 3238 adolescentem
463 3182 497 3236 et
507 3171 665 3256 virginem
678 3194 782 3238 suem.
828 3174 943 3258 Ignem
959 3177 1073 3255 nutrit,
1089 3178 1238 3242 candelas
1253 3177 1411 3254 accendit,

208 3274 371 3340 fabulatur
382 3285 496 3339 contra
511 3275 635 3339 tedium
647 3276 725 3358 regi,
734 3277 843 3340 minus
859 3287 910 3342 est
924 3280 1018 3342 matri
1030 3281 1187 3359 adulator,
1199 3281 1282 3364 patri
1302 3281 1411 3343 horta·

209 3387 276 3456 t0r3
292 3377 437 3442 desectus
447 3399 560 3441 omnes
570 3378 704 3462 provide
714 3380 859 3464 supplet3
875 3403 941 3444 non
948 3381 1044 3465 jacet,
1055 3403 1121 3444 non
1132 3382 1306 3459 sedet,n0n
1317 3403 1410 3445 aecu-

210 3478 304 3558 bitat,
318 3500 385 3544 non
401 3489 487 3560 stat3
504 3489 594 3544 totus
606 3480 640 3544 in
651 3490 743 3544 motu
752 3489 819 3560 est;
834 3480 975 3544 laborem
989 3503 1055 3544 non
1065 3492 1191 3566 pensat,
1201 3505 1269 3546 non
1279 3483 1412 3548 utilitati

210 3601 278 3645 suae
295 3580 416 3661 studet,
434 3603 500 3646 non
516 3581 658 3646 intendit
672 3581 870 3667 promotioni
885 3582 1035 3667 propriae,
1050 3592 1140 3646 totus
1155 3583 1260 3647 inhiat
1273 3585 1350 3669 regi,
1361 3595 1412 3650 to-

244 3769 260 3800 ·
277 3769 396 3818 Ethelred
404 3771 446 3819 the
455 3770 581 3834 Unresdy.
603 3771 655 3820 ‘lhe
665 3735 796 3820 sacedotes
828 3771 870 3819 the
888 3771 969 3820 Suou
980 3787 1108 3822 romanoe·
1122 3773 1225 3835 relating
1236 3779 1263 3822 to
1274 3773 1316 3821 the
1329 3773 1414 3836 family

212 3850 240 3899 ol
256 3851 304 3899 this
316 3853 454 3901 monarch's
472 3854 540 3916 reign
550 3853 796 3917 gireuhereareuot
829 3852 858 3901 os
877 3853 990 3903 Godwiu.
1024 3855 1066 3903 All
1087 3856 1129 3904 the
1151 3862 1218 3918 great
1237 3855 1414 3919 Angla-Suco

211 3931 287 3980 louud
299 3933 325 3980 in
337 3933 379 3981 the
387 3932 501 3996 ordinary
510 3933 665 3982 chroniclers.
830 3935 931 3985 lumilies
950 3937 998 3985 had
1023 3937 1084 3988 such
1109 3952 1236 3986 romauces
1254 3938 1368 3987 attached
1388 3945 1414 3987 to

243 4017 262 4069 †
278 4013 338 4063 'l'lris
349 4013 502 4076 isevldently
512 4029 544 4062 au
556 4013 664 4063 abstract
672 4013 701 4063 ol'
709 4029 755 4064 one
771 4015 799 4064 ol
829 4017 905 4066 them
