3650 4852
413 520 456 576 64-
848 529 1036 575 ouanranr
1060 529 1182 574 naras
1445 531 1566 594 [onena
1578 531 1601 582 1.

413 683 645 749 divinationem
661 683 782 746 futura.
828 681 903 746 Hoc
914 692 1062 767 tempore
1076 681 1174 766 hujus
1190 681 1352 746 centennii
1368 681 1509 767 primum
1524 683 1614 748 inva-

412 787 591 851 lueruntad
608 808 774 850 summum
790 783 890 848 robur
902 783 1074 868 templarii,
1094 784 1294 869 hospitalarii
1305 785 1340 849 in
1349 784 1565 866 Jberusalem,
1579 787 1613 850 in

414 889 603 975 Hispania*
618 889 738 954 milites
754 887 810 973 qui
824 910 844 950 a
858 886 965 972 gladio
986 908 1107 951 nomen
1121 886 1254 967 habent,
1270 888 1310 952 de
1331 888 1449 974 quibus
1465 889 1613 974 superius

414 1014 520 1058 sermo
536 992 684 1058 decessit.

758 1121 910 1183 Detecto
930 1118 1158 1182 Vahlesiorum.
1201 1117 1289 1181 xxxi.

456 1239 606 1304 Vidimus
632 1239 666 1302 in
692 1237 829 1303 coneilio
852 1239 1002 1302 Romano
1018 1237 1079 1301 sub
1094 1237 1280 1301 Alexandro
1306 1259 1390 1323 papa
1414 1238 1510 1304 tertio
1530 1240 1613 1306 cele·

412 1339 505 1406 brato
520 1341 690 1405 Valdesios
714 1340 896 1418 homines,†
923 1338 1051 1418 idiotas,
1078 1339 1257 1417 illiteratos,
1272 1361 1291 1402 a
1305 1340 1443 1424 primate
1466 1340 1613 1426 ipsorum

412 1444 516 1507 Valde
531 1443 648 1521 dictos,
663 1442 719 1527 qui
734 1442 840 1506 fuerat
850 1441 930 1506 civis
947 1441 1101 1526 Lugduni
1116 1463 1214 1526 super
1226 1442 1411 1522 Rodanum,
1427 1443 1483 1529 qui
1492 1443 1613 1508 librum

412 1545 545 1610 domino
560 1567 654 1631 papae
676 1552 956 1630 praesentaverunt
976 1545 1087 1628 lingua
1102 1544 1323 1628 conscriptum
1340 1544 1475 1624 Gallica,
1489 1545 1524 1609 in
1548 1568 1611 1632 quo

412 1659 522 1714 textus
547 1659 580 1713 et
605 1649 695 1733 glosa
723 1647 869 1711 Psalterii
884 1646 1161 1732 plurimorumque
1180 1645 1259 1730 legis
1274 1645 1443 1731 utriusque
1457 1647 1613 1712 librorum

412 1751 671 1816 continebantur.
716 1750 774 1813 Hii
799 1749 903 1814 multa
926 1747 1083 1833 petebant
1106 1748 1264 1813 instantia
1284 1749 1522 1834 praedicationis
1538 1774 1612 1816 auo·

411 1853 577 1918 toritatem
604 1850 666 1915 sibi
695 1851 891 1931 confirmari,
920 1851 995 1936 quia
1023 1850 1120 1936 periti
1145 1849 1206 1915 sibi
1231 1851 1435 1930 videbantur,
1457 1875 1533 1918 cum
1557 1854 1611 1920 vix

413 1964 523 2021 essent
537 1953 638 2018 scioli.
683 1954 789 2018 Moris
814 1955 935 2019 etenim
959 1963 1010 2019 est
1025 1963 1063 2017 ut
1077 1975 1165 2032 aves,
1180 1975 1252 2038 quae
1267 1953 1402 2018 subtiles
1417 1977 1485 2020 non
1499 1956 1612 2022 vident

411 2059 544 2144 laqueos
559 2066 616 2120 aut
634 2065 713 2137 rete,
728 2056 847 2122 liberos
861 2057 982 2143 ubique
998 2056 1131 2121 credant
1145 2067 1283 2122 meatus.
1328 2057 1447 2122 Nonne
1467 2059 1522 2144 qui
1537 2081 1612 2146 cap-

410 2161 503 2226 tiosis
527 2159 742 2225 exercitantur
765 2171 836 2224 tota
859 2159 927 2225 vita
953 2157 1170 2237 sermonibus,
1185 2156 1241 2243 qui
1266 2180 1379 2244 capere
1405 2170 1438 2224 et
1463 2161 1535 2247 capi
1556 2161 1611 2226 vix

409 2272 560 2350 possunt,
575 2261 745 2347 profunde
756 2262 926 2327 rimatores
942 2258 1089 2346 abyssus,
1105 2281 1215 2324 nonne
1229 2261 1276 2324 hii
1291 2261 1444 2326 timentes
1454 2263 1612 2328 offensam

410 2375 593 2430 reverenter
618 2365 729 2430 omnia
755 2365 795 2429 de
822 2364 896 2430 Deo
922 2363 1102 2448 proferunt,
1118 2361 1211 2446 cujus
1238 2371 1305 2426 tam
1321 2364 1406 2428 celsa
1421 2363 1561 2449 dignitas
1575 2375 1613 2432 ut

410 2468 508 2533 nullae
523 2467 652 2553 possint
666 2466 707 2530 ad
722 2488 794 2531 eam
818 2465 932 2531 laudes
946 2464 999 2530 sel
1014 2463 1193 2529 orationem
1209 2465 1346 2531 virtutes
1361 2468 1534 2533 ascendere
1548 2468 1611 2533 nisi

410 2570 628 2636 misericordia
657 2569 792 2633 traxerit
819 2567 891 2632 illas
915 2567 949 2631 in
977 2566 1112 2652 singulis
1139 2566 1257 2633 divinae
1292 2567 1418 2654 paginae
1441 2569 1609 2654 apicibus?

409 2675 474 2739 'l'ot
488 2673 627 2739 volitant
637 2671 754 2757 pennis
769 2669 928 2736 vimutum
940 2669 1122 2749 sententiaa,
1131 2679 1182 2735 tot
1192 2670 1358 2756 sapientiae
1369 2671 1611 2738 accumulantur

411 2797 501 2862 opes,
515 2785 554 2839 ut
576 2775 616 2837 de
642 2773 739 2858 pleno
763 2773 868 2858 possit
894 2772 1022 2837 haurire
1049 2773 1164 2857 cuique
1184 2772 1276 2837 Deus
1292 2772 1470 2854 donaverit,
1496 2775 1610 2862 inquo

410 2877 558 2962 nunquid
570 2898 646 2961 ergo
656 2875 827 2959 margarita
837 2874 956 2960 porois,
965 2874 1102 2940 verbum
1113 2874 1243 2939 dabitur
1252 2873 1373 2954 idiotis,
1388 2898 1470 2961 quos
1481 2876 1610 2962 ineptos

411 2979 531 3044 scimus
546 2977 627 3041 illud
643 2975 816 3061 suscipere,
831 2977 954 3041 nedum
970 2977 1046 3042 dare
1060 2978 1148 3064 quod
1163 2979 1381 3063 acceperunt?
1425 2978 1524 3043 Absit
1537 2980 1611 3059 hoc,

411 3092 445 3148 et
460 3080 616 3147 evellatur
630 3102 649 3143 a
664 3077 799 3143 semite!
845 3079 1032 3144 Descendat
1047 3092 1250 3166 unguentum
1264 3081 1300 3144 in
1322 3080 1467 3162 barbam,
1483 3091 1517 3147 et
1535 3082 1612 3148 hinc

409 3183 445 3248 in
459 3182 712 3260 vestimentum
734 3203 754 3244 a
769 3181 1064 3247 fontederiventur
1079 3205 1181 3267 aquae,
1196 3204 1263 3247 non
1289 3206 1308 3247 a
1333 3184 1449 3268 plateis
1464 3185 1611 3270 paludes.

410 3289 482 3374 Ego
497 3287 674 3353 multorum
689 3285 813 3350 milium
829 3286 884 3371 qui
896 3287 1003 3352 vocati
1017 3288 1150 3352 fuerunt
1165 3287 1331 3366 minimus,
1346 3285 1531 3353 deridebam
1543 3309 1611 3369 eos,

442 3439 529 3489 *The
551 3438 624 3489 order
645 3438 674 3488 ol
692 3437 933 3494 stimantes
951 3439 994 3488 the
1026 3443 1079 3488 sect
1106 3438 1128 3486 la
1161 3437 1303 3499 commonly
1326 3436 1381 3486 said
1409 3441 1437 3486 tc
1459 3437 1521 3488 base
1547 3438 1611 3490 been

410 3521 504 3580 Ssrord,
521 3535 571 3570 sraa
582 3519 692 3570 founded
708 3519 785 3569 about
802 3518 847 3567 the
864 3518 956 3568 middle
968 3519 997 3569 ol
1025 3519 1135 3569 founded
1158 3533 1219 3568 soon
1246 3517 1311 3568 aiter
1333 3518 1375 3568 the
1398 3519 1491 3569 middle
1512 3520 1542 3569 ol
1566 3521 1611 3571 the

409 3603 559 3654 thetwellth
570 3607 683 3666 century,
701 3603 741 3650 for
757 3601 800 3650 the
817 3599 997 3664 protectionof
1026 3600 1122 3650 twelsth
1144 3605 1248 3662 century
1273 3599 1307 3664 by
1333 3615 1349 3649 s
1370 3601 1453 3650 native
1477 3601 1506 3650 oi
1526 3601 1612 3666 Lycus

408 3681 993 3750 pilgrimstoCompostelle‚whoweretlsenex·
1027 3682 1116 3732 named
1133 3681 1247 3731 waldus.
1284 3681 1380 3732 Walter
1391 3682 1488 3746 Mapes’
1505 3687 1612 3734 account

409 3767 485 3832 poaed
496 3773 522 3816 tc
532 3766 576 3815 the
587 3766 683 3816 attacks
694 3765 723 3814 of
732 3766 776 3814 the
790 3761 897 3828 Spanish
904 3764 993 3812 Araba
1026 3764 1055 3812 ol
1069 3765 1139 3812 them
1150 3763 1172 3814 ia
1183 3763 1317 3825 extremely
1332 3763 1432 3812 curicus
1442 3763 1490 3812 and
1506 3763 1611 3828 impert.

410 3848 436 3897 lt
447 3862 495 3898 sss
506 3848 641 3898 confirmed
657 3845 802 3911 byspapal
818 3845 871 3893 bull
881 3846 992 3896 inille.
1026 3851 1077 3905 snt,
1097 3845 1160 3894 both
1181 3845 1246 3894 from
1263 3844 1303 3892 his
1324 3844 1398 3906 being
1423 3850 1612 3909 contemporary

441 3929 508 3987 †Sc
519 3928 649 3977 machbas
659 3928 722 3976 been
734 3929 832 3976 written
843 3941 877 3975 on
887 3927 930 3974 the
941 3927 993 3974 his·
1027 3927 1085 3975 arith
1097 3927 1162 3975 their
1173 3927 1227 3976 first
1241 3926 1398 3988 beginnings,
1418 3926 1549 3974 audirem
1568 3927 1611 3977 the

410 4015 466 4070 tory
478 4009 505 4055 ol
515 4009 557 4056 tire
570 4008 725 4065 waldenses,
738 4009 794 4055 that
812 4007 832 4054 it
854 4007 876 4054 is
893 4011 938 4056 not
948 4022 992 4055 ne·
1026 4009 1205 4056 circumstance
1216 4007 1244 4055 ol
1253 4007 1292 4055 his
1303 4006 1394 4070 having
1404 4007 1535 4057 witnessed
1546 4007 1612 4057 their

410 4093 544 4153 cesssryto
559 4105 603 4153 say
615 4089 690 4140 much
708 4089 736 4136 of
753 4089 822 4137 them
833 4087 900 4137 here.
933 4089 993 4138 Thia
1026 4089 1291 4156 receptionstliome.
