3650 4852
236 511 380 576 cmm]
605 509 652 553 ns
676 507 787 554 neers
811 506 1036 552 coarsnrrrrr.
1377 491 1417 548 55

218 671 299 728 tum.
345 662 476 727 Horum
500 681 567 726 non
591 661 634 726 sit
647 659 813 739 memoria,
829 659 905 744 quia
928 657 995 723 doli
1014 656 1109 722 faceti
1130 665 1218 737 sunt,
1245 666 1279 721 et
1299 665 1338 721 ut
1356 656 1420 741 ipsi

221 764 347 829 dabunt
370 762 466 827 bonoe
491 762 682 828 intentionis
705 784 814 848 opera,
843 785 910 827 non
936 761 1022 826 enim
1048 763 1112 826 hoc
1136 761 1259 825 faciunt
1287 769 1326 824 ut
1350 760 1421 824 aliis

219 875 369 945 noceant,
384 865 442 930 sed
456 873 494 929 ut
513 865 576 930 sibi
591 865 726 951 prosint.
765 864 850 929 Cum
866 875 975 929 tamen
990 864 1143 930 omnibus
1158 863 1264 929 modis
1274 861 1422 948 AEgyptii

221 967 383 1054 spoliandi
398 966 475 1045 sint,
496 966 567 1030 haec
588 975 674 1032 certe
688 966 815 1032 venalia
835 967 966 1031 suntin
985 977 1148 1052 respectu,
1168 987 1240 1051 quae
1262 965 1332 1030 sine
1347 987 1422 1028 san-

220 1071 318 1156 guine
337 1068 464 1134 recitari
481 1068 643 1148 videntur,
665 1078 700 1134 et
720 1069 827 1133 minus
847 1069 1000 1148 horrent3
1023 1068 1082 1132 sed
1102 1069 1137 1132 in
1152 1067 1292 1152 virgulto
1308 1066 1422 1131 Wlan-

224 1171 309 1236 stine
338 1169 581 1255 suspenderunt
605 1171 809 1257 AEgyptium,
844 1180 879 1236 et
911 1170 1090 1234 imitatores
1111 1169 1224 1256 Moysi
1245 1168 1424 1234 absconde·

223 1285 301 1340 runt
319 1275 354 1338 in
379 1273 511 1338 sabulo:
534 1273 706 1358 irrepserat
729 1275 770 1338 ad
792 1296 890 1360 poma
909 1273 1008 1338 miser
1028 1281 1066 1337 ut
1090 1273 1217 1337 sedaret
1237 1272 1368 1351 famem,
1389 1282 1423 1337 et

223 1377 348 1442 invenit
366 1376 510 1461 requiem
531 1385 685 1442 oetemam
705 1376 746 1441 ab
769 1398 807 1441 ea
825 1398 884 1462 per
898 1397 1015 1440 manus
1032 1377 1178 1440 fratrm.
1224 1376 1299 1441 Hoc
1314 1399 1333 1440 a
1347 1397 1424 1461 pos·

225 1479 302 1544 teris
317 1499 430 1543 eorum
444 1499 512 1542 non
526 1488 576 1541 est
591 1477 772 1559 celandum,
788 1478 940 1563 quatinus
951 1477 1146 1543 abhorreant
1160 1486 1194 1543 et
1207 1486 1391 1563 temperent
1405 1501 1424 1542 a

224 1580 354 1661 talibus,
378 1579 406 1645 si
424 1579 565 1646 viderint
588 1581 750 1666 expedire.
794 1580 947 1646 Vicinum
969 1581 1133 1646 habebant
1157 1581 1271 1645 fratres
1291 1580 1424 1645 Hebraei

226 1685 363 1750 militem
377 1683 582 1768 AEgyptium,
604 1693 638 1749 et
656 1685 692 1749 in
710 1695 802 1770 parte
824 1685 891 1770 agri
906 1684 956 1748 sui
972 1685 1188 1763 considerant,
1203 1705 1299 1768 quem
1314 1693 1424 1748 tamen

226 1809 286 1852 nec
301 1808 395 1874 prece
410 1807 471 1850 nec
485 1787 590 1871 pretio
605 1797 741 1873 possent
755 1809 924 1868 amovere3
939 1788 1040 1852 misso
1056 1788 1220 1873 proditore
1231 1788 1272 1851 ad
1288 1787 1424 1852 militem

228 1888 289 1954 sub
319 1888 426 1974 specie
454 1886 594 1972 hospitis
624 1912 683 1974 pro
711 1888 854 1968 Christo,
880 1888 920 1953 ab
950 1890 1022 1974 ipso
1052 1889 1230 1956 intromissi
1259 1890 1300 1954 de
1328 1899 1425 1956 nocte

227 1989 349 2076 peplati
364 2012 438 2054 cum
453 1989 567 2074 gladiis
587 2001 621 2054 et
634 1990 787 2071 fustibus,
812 1991 974 2054 irruerunt
997 1991 1201 2077 AEgyptium,
1230 2013 1326 2076 quem
1351 2015 1426 2058 cum

227 2092 336 2158 liberis
359 2102 392 2156 et
412 2089 533 2155 familia
554 2102 624 2157 tota
646 2103 762 2178 proeter
785 2112 919 2156 uxorem
941 2113 1044 2170 suam,
1070 2114 1168 2177 quam
1190 2090 1260 2177 ipse
1282 2092 1427 2158 defendit

230 2217 304 2258 cum
315 2193 382 2258 filio
397 2193 536 2257 lactente
551 2192 629 2256 dum
646 2201 730 2255 stare
745 2191 857 2254 datum
873 2199 975 2255 estut
990 2190 1174 2268 evaderent,
1185 2189 1427 2256 interfecerunt.

230 2296 292 2360 llla
304 2295 388 2380 fugit
409 2295 451 2359 ad
464 2304 617 2379 patruum
637 2313 744 2370 suum,
763 2292 826 2356 iter
846 2291 942 2354 unius
963 2290 1039 2369 diei,
1061 2291 1116 2375 qui
1135 2291 1250 2356 vicinis
1265 2300 1299 2356 et
1312 2313 1428 2376 paren-

230 2399 319 2464 tibus
341 2397 449 2462 ascitis
476 2396 528 2461 die
553 2395 648 2458 tertia
670 2395 761 2458 venit
785 2393 827 2457 ad
852 2393 971 2472 locum,
998 2394 1032 2457 in
1058 2415 1122 2478 quo
1145 2394 1330 2478 frequenter
1353 2417 1427 2459 curn

232 2501 344 2566 amicis
370 2507 575 2577 convenerat,
606 2507 639 2560 et
675 2495 733 2560 ubi
763 2494 901 2559 scierant
925 2494 1069 2575 edificia,
1101 2517 1205 2580 sepes,
1235 2505 1269 2561 et
1297 2496 1427 2562 arbores

233 2625 377 2688 magnas,
391 2600 617 2686 planissimum
626 2598 751 2662 invenit
759 2607 792 2662 et
803 2596 886 2661 bene
898 2606 1023 2661 aratum
1035 2620 1196 2683 campum,
1208 2609 1242 2664 et
1252 2599 1374 2663 nullam
1383 2600 1430 2664 rei

232 2706 385 2769 humanae
400 2701 631 2787 apparentiam,
642 2711 676 2764 et
690 2722 758 2764 non
772 2699 908 2784 vestigia
923 2701 997 2784 quia
1011 2722 1078 2764 non
1088 2710 1193 2780 erant3
1205 2703 1262 2767 sed
1271 2702 1427 2787 suspicio·

232 2830 308 2871 nem
324 2815 465 2885 secutus,
480 2806 643 2890 ingressus
658 2804 817 2868 violenter
833 2813 1057 2888 portamque
1072 2825 1138 2868 non
1153 2805 1239 2868 ultro
1255 2813 1365 2889 aperta
1379 2813 1430 2870 est

233 2909 291 2986 eis,
311 2906 393 2971 vidit
415 2906 545 2971 arbores
568 2906 721 2970 radicitus
747 2905 874 2970 avulsas
897 2905 933 2968 in
958 2925 1074 2990 magna
1099 2905 1201 2968 frusta
1226 2904 1382 2984 concisas,
1397 2914 1431 2971 et

234 3011 321 3097 quod
336 3019 411 3074 ante
427 3009 604 3074 crediderat
619 3008 723 3073 sciens
735 3007 861 3091 judices
877 3007 1002 3071 detulit.
1049 3007 1142 3071 Uxor
1157 3016 1266 3072 autem
1281 3007 1431 3093 AEgyptii

234 3116 342 3200 plures
368 3133 410 3177 ex
439 3109 588 3176 Hebraeis
613 3131 654 3174 ex
676 3109 809 3174 nomine
833 3110 1024 3194 designarit,
1053 3109 1226 3194 ipsumque
1250 3110 1430 3194 praesertim

233 3217 351 3281 laicum
366 3213 422 3300 qui
437 3214 570 3278 domum
586 3219 763 3296 aperuerat.
810 3211 875 3275 Hic
889 3235 909 3275 a
927 3211 1092 3296 judicibus
1108 3211 1339 3296 apprehensus,
1360 3211 1431 3296 lege

236 3319 400 3404 deperitus
422 3337 523 3400 aquae,
539 3315 770 3398 confessusque
784 3313 949 3397 praedicta,
966 3311 1124 3377 Hebraeos
1140 3311 1195 3397 qui
1214 3311 1276 3376 hoc
1290 3313 1433 3376 fecerant

236 3419 420 3505 expressius
435 3415 625 3494 nominavit,
641 3414 795 3498 adjiciens
811 3415 898 3497 quod
912 3414 1021 3499 ipsum
1035 3414 1098 3477 hoo
1113 3423 1209 3498 pacto
1224 3411 1265 3476 ab
1281 3412 1432 3477 omnibus

234 3522 339 3608 pactis
363 3515 535 3603 praeteritis
559 3515 593 3580 in
616 3515 671 3580 illo
694 3515 847 3599 proesenti
862 3525 896 3579 et
909 3514 1061 3581 omnibus
1075 3514 1192 3578 futuris
1207 3513 1434 3592 absolvissent,

235 3636 270 3690 et
284 3623 393 3706 ipsum
409 3619 449 3682 de
464 3627 580 3682 caetero
595 3638 655 3680 nec
670 3638 753 3700 aqua
767 3637 827 3680 nec
841 3616 914 3700 igne
929 3639 990 3682 nec
1004 3616 1101 3680 armis
1116 3615 1220 3700 perire
1239 3635 1336 3698 posse
1356 3634 1434 3678 con·

237 3732 361 3790 stanter
370 3721 547 3805 jurassent.
592 3718 778 3802 Suspensus
794 3739 869 3801 ergo
884 3718 995 3782 infelix
1008 3735 1121 3798 poenas
1137 3714 1282 3779 omniurn
1300 3713 1386 3792 tulit,
1401 3724 1435 3779 et

236 3827 301 3913 ipsi
324 3823 448 3888 domini
472 3821 555 3906 regis
577 3820 713 3884 Henrici
732 3818 864 3883 arbitrio
884 3839 943 3904 pro
967 3816 1145 3880 reverentia
1161 3813 1285 3882 Christi
1306 3837 1434 3880 manere

234 3928 392 4015 jubentur
424 3922 528 3990 illoesi.
584 3920 716 3986 Hebraei
752 3919 882 4005 quidem
912 3920 952 3984 de
982 3917 1151 3983 Belanda*
1180 3917 1251 3984 hoec
1278 3919 1435 3984 fecemnt.

620 4075 636 4108 θ
652 4071 750 4136 Byland
760 4070 857 4134 Abbey,
873 4071 901 4122 in
911 4067 1057 4120 Yorkshirs.
