<?xml version="1.0" encoding="UTF-8"?>
<!DOCTYPE html PUBLIC "-//W3C//DTD XHTML 1.0 Transitional//EN"
    "http://www.w3.org/TR/xhtml1/DTD/xhtml1-transitional.dtd">
<html xmlns="http://www.w3.org/1999/xhtml" xml:lang="en" lang="en">
 <head>
  <title>
</title>
<meta http-equiv="Content-Type" content="text/html;charset=utf-8" />
  <meta name='ocr-system' content='tesseract 3.04.00' />
  <meta name='ocr-capabilities' content='ocr_page ocr_carea ocr_par ocr_line ocrx_word'/>
</head>
<body>
  <div class='ocr_page' id='page_1' title='image "./gualterimapesde00mapgoog/gualterimapesde00mapgoog_0185.png"; bbox 0 0 3610 4852; ppageno 0'>
   <div class='ocr_carea' id='block_1_1' title="bbox 402 558 1584 631">
    <p class='ocr_par' dir='ltr' id='par_1_1' title="bbox 402 558 1584 631">
     <span class='ocr_line' id='line_1_1' title="bbox 402 558 1584 631; baseline -0.001 -14"><span class='ocrx_word' id='word_1_1' title='bbox 402 558 463 618; x_wconf 86' lang='grc'><strong>164</strong></span> <span class='ocrx_word' id='word_1_2' title='bbox 829 570 1015 616; x_wconf 78' lang='lat' dir='ltr'><strong>cunarum</strong></span> <span class='ocrx_word' id='word_1_3' title='bbox 1040 567 1160 613; x_wconf 71' lang='lat' dir='ltr'><strong>ussus</strong></span> <span class='ocrx_word' id='word_1_4' title='bbox 1405 567 1524 631; x_wconf 68' lang='lat' dir='ltr'><strong>[nisano.</strong></span> <span class='ocrx_word' id='word_1_5' title='bbox 1538 567 1584 616; x_wconf 81' lang='lat' dir='ltr'><strong>w.</strong></span> 
     </span>
    </p>
   </div>
   <div class='ocr_carea' id='block_1_2' title="bbox 400 716 1609 3777">
    <p class='ocr_par' dir='ltr' id='par_1_2' title="bbox 400 716 1609 3777">
     <span class='ocr_line' id='line_1_2' title="bbox 400 716 1602 808; baseline -0.002 -22"><span class='ocrx_word' id='word_1_6' title='bbox 400 721 512 787; x_wconf 91' lang='lat' dir='ltr'><strong>ulcisci</strong></span> <span class='ocrx_word' id='word_1_7' title='bbox 528 723 645 808; x_wconf 78' lang='lat' dir='ltr'><strong>satagit</strong></span> <span class='ocrx_word' id='word_1_8' title='bbox 660 723 861 808; x_wconf 88' lang='lat' dir='ltr'><strong>episcopum,</strong></span> <span class='ocrx_word' id='word_1_9' title='bbox 876 721 964 807; x_wconf 91' lang='lat' dir='ltr'><strong>quod</strong></span> <span class='ocrx_word' id='word_1_10' title='bbox 979 721 1095 784; x_wconf 89' lang='lat' dir='ltr'><strong>delicta</strong></span> <span class='ocrx_word' id='word_1_11' title='bbox 1110 741 1177 782; x_wconf 91' lang='lat' dir='ltr'><strong>non</strong></span> <span class='ocrx_word' id='word_1_12' title='bbox 1193 716 1310 781; x_wconf 87' lang='lat' dir='ltr'><strong>metuit</strong></span> <span class='ocrx_word' id='word_1_13' title='bbox 1324 727 1358 781; x_wconf 87' lang='lat' dir='ltr'><strong>et</strong></span> <span class='ocrx_word' id='word_1_14' title='bbox 1368 719 1477 802; x_wconf 86' lang='lat' dir='ltr'><strong>jurata</strong></span> <span class='ocrx_word' id='word_1_15' title='bbox 1490 740 1602 804; x_wconf 86' lang='lat' dir='ltr'><strong>repos-</strong></span> 
     </span>
     <span class='ocr_line' id='line_1_3' title="bbox 401 821 1600 912; baseline -0.003 -22"><span class='ocrx_word' id='word_1_16' title='bbox 401 847 482 890; x_wconf 86' lang='lat' dir='ltr'><strong>cere.</strong></span> <span class='ocrx_word' id='word_1_17' title='bbox 528 826 681 912; x_wconf 73' lang='lat' dir='ltr'><strong>Perjurus</strong></span> <span class='ocrx_word' id='word_1_18' title='bbox 695 828 794 912; x_wconf 89' lang='lat' dir='ltr'><strong>igitur</strong></span> <span class='ocrx_word' id='word_1_19' title='bbox 809 835 843 891; x_wconf 94' lang='lat' dir='ltr'><strong>et</strong></span> <span class='ocrx_word' id='word_1_20' title='bbox 858 847 892 890; x_wconf 89' lang='lat' dir='ltr'><strong>se</strong></span> <span class='ocrx_word' id='word_1_21' title='bbox 907 825 1013 910; x_wconf 90' lang='lat' dir='ltr'><strong>priore</strong></span> <span class='ocrx_word' id='word_1_22' title='bbox 1029 825 1131 909; x_wconf 83' lang='lat' dir='ltr'><strong>pejor,</strong></span> <span class='ocrx_word' id='word_1_23' title='bbox 1147 822 1179 884; x_wconf 93' lang='lat' dir='ltr'><strong>in</strong></span> <span class='ocrx_word' id='word_1_24' title='bbox 1197 821 1365 886; x_wconf 83' lang='lat' dir='ltr'><strong>Christum</strong></span> <span class='ocrx_word' id='word_1_25' title='bbox 1380 831 1413 886; x_wconf 90' lang='lat' dir='ltr'><strong>et</strong></span> <span class='ocrx_word' id='word_1_26' title='bbox 1431 822 1463 885; x_wconf 92' lang='lat' dir='ltr'><strong>in</strong></span> <span class='ocrx_word' id='word_1_27' title='bbox 1480 822 1600 888; x_wconf 89' lang='lat' dir='ltr'><strong>electos</strong></span> 
     </span>
     <span class='ocr_line' id='line_1_4' title="bbox 401 925 1601 1014; baseline -0.001 -22"><span class='ocrx_word' id='word_1_28' title='bbox 401 929 472 1012; x_wconf 90' lang='lat' dir='ltr'><strong>ejus</strong></span> <span class='ocrx_word' id='word_1_29' title='bbox 498 928 645 1014; x_wconf 84' lang='lat' dir='ltr'><strong>insurgit.</strong></span> <span class='ocrx_word' id='word_1_30' title='bbox 700 931 855 994; x_wconf 81' lang='lat' dir='ltr'><strong>Attamen</strong></span> <span class='ocrx_word' id='word_1_31' title='bbox 880 928 1051 1013; x_wconf 89' lang='lat' dir='ltr'><strong>aliquando</strong></span> <span class='ocrx_word' id='word_1_32' title='bbox 1077 926 1160 1011; x_wconf 88' lang='lat' dir='ltr'><strong>signi</strong></span> <span class='ocrx_word' id='word_1_33' title='bbox 1186 946 1310 988; x_wconf 91' lang='lat' dir='ltr'><strong>memor</strong></span> <span class='ocrx_word' id='word_1_34' title='bbox 1336 935 1370 989; x_wconf 89' lang='lat' dir='ltr'><strong>et</strong></span> <span class='ocrx_word' id='word_1_35' title='bbox 1393 926 1469 990; x_wconf 73' lang='lat' dir='ltr'><strong>vitm</strong></span> <span class='ocrx_word' id='word_1_36' title='bbox 1494 925 1601 992; x_wconf 88' lang='lat' dir='ltr'><strong>brevis</strong></span> 
     </span>
     <span class='ocr_line' id='line_1_5' title="bbox 402 1029 1602 1117; baseline 0.002 -24"><span class='ocrx_word' id='word_1_37' title='bbox 402 1030 610 1096; x_wconf 86' lang='lat' dir='ltr'><strong>devotissime</strong></span> <span class='ocrx_word' id='word_1_38' title='bbox 626 1033 798 1117; x_wconf 90' lang='lat' dir='ltr'><strong>supplicat,</strong></span> <span class='ocrx_word' id='word_1_39' title='bbox 807 1043 841 1096; x_wconf 88' lang='lat' dir='ltr'><strong>et</strong></span> <span class='ocrx_word' id='word_1_40' title='bbox 851 1031 1032 1109; x_wconf 78' lang='lat' dir='ltr'><strong>exauditur,</strong></span> <span class='ocrx_word' id='word_1_41' title='bbox 1045 1039 1078 1094; x_wconf 88' lang='lat' dir='ltr'><strong>et</strong></span> <span class='ocrx_word' id='word_1_42' title='bbox 1093 1029 1225 1114; x_wconf 87' lang='lat' dir='ltr'><strong>pejerat.</strong></span> <span class='ocrx_word' id='word_1_43' title='bbox 1256 1029 1342 1091; x_wconf 81' lang='lat' dir='ltr'><strong>&#39;l&#39;um</strong></span> <span class='ocrx_word' id='word_1_44' title='bbox 1354 1029 1442 1092; x_wconf 88' lang='lat' dir='ltr'><strong>enim</strong></span> <span class='ocrx_word' id='word_1_45' title='bbox 1457 1051 1493 1094; x_wconf 91' lang='lat' dir='ltr'><strong>se</strong></span> <span class='ocrx_word' id='word_1_46' title='bbox 1504 1032 1602 1095; x_wconf 87' lang='lat' dir='ltr'><strong>morti</strong></span> 
     </span>
     <span class='ocr_line' id='line_1_6' title="bbox 401 1132 1601 1219; baseline 0.002 -24"><span class='ocrx_word' id='word_1_47' title='bbox 401 1132 586 1219; x_wconf 85' lang='lat' dir='ltr'><strong>proximum</strong></span> <span class='ocrx_word' id='word_1_48' title='bbox 602 1135 706 1215; x_wconf 89' lang='lat' dir='ltr'><strong>timet,</strong></span> <span class='ocrx_word' id='word_1_49' title='bbox 721 1145 793 1199; x_wconf 90' lang='lat' dir='ltr'><strong>tum</strong></span> <span class='ocrx_word' id='word_1_50' title='bbox 808 1134 870 1198; x_wconf 89' lang='lat' dir='ltr'><strong>sibi</strong></span> <span class='ocrx_word' id='word_1_51' title='bbox 895 1134 967 1199; x_wconf 82' lang='lat' dir='ltr'><strong>vitae</strong></span> <span class='ocrx_word' id='word_1_52' title='bbox 983 1133 1061 1196; x_wconf 87' lang='lat' dir='ltr'><strong>satis</strong></span> <span class='ocrx_word' id='word_1_53' title='bbox 1085 1151 1254 1215; x_wconf 83' lang='lat' dir='ltr'><strong>superesse</strong></span> <span class='ocrx_word' id='word_1_54' title='bbox 1278 1132 1434 1195; x_wconf 89' lang='lat' dir='ltr'><strong>mentitur</strong></span> <span class='ocrx_word' id='word_1_55' title='bbox 1457 1142 1601 1197; x_wconf 88' lang='lat' dir='ltr'><strong>contem-</strong></span> 
     </span>
     <span class='ocr_line' id='line_1_7' title="bbox 403 1234 1600 1323; baseline 0.002 -25"><span class='ocrx_word' id='word_1_56' title='bbox 403 1235 544 1320; x_wconf 86' lang='lat' dir='ltr'><strong>platione</strong></span> <span class='ocrx_word' id='word_1_57' title='bbox 560 1236 725 1322; x_wconf 87' lang='lat' dir='ltr'><strong>signorum</strong></span> <span class='ocrx_word' id='word_1_58' title='bbox 742 1239 958 1323; x_wconf 83' lang='lat' dir='ltr'><strong>sequentium,</strong></span> <span class='ocrx_word' id='word_1_59' title='bbox 973 1237 1076 1300; x_wconf 88' lang='lat' dir='ltr'><strong>donec</strong></span> <span class='ocrx_word' id='word_1_60' title='bbox 1090 1235 1143 1298; x_wconf 91' lang='lat' dir='ltr'><strong>ille</strong></span> <span class='ocrx_word' id='word_1_61' title='bbox 1158 1234 1250 1318; x_wconf 83' lang='lat' dir='ltr'><strong>cujus</strong></span> <span class='ocrx_word' id='word_1_62' title='bbox 1266 1243 1316 1298; x_wconf 88' lang='lat' dir='ltr'><strong>est</strong></span> <span class='ocrx_word' id='word_1_63' title='bbox 1327 1235 1484 1300; x_wconf 74' lang='lat' dir='ltr'><strong>custodia</strong></span> <span class='ocrx_word' id='word_1_64' title='bbox 1499 1236 1600 1321; x_wconf 88' lang='lat' dir='ltr'><strong>depu-</strong></span> 
     </span>
     <span class='ocr_line' id='line_1_8' title="bbox 403 1334 1601 1424; baseline 0.002 -23"><span class='ocrx_word' id='word_1_65' title='bbox 403 1345 490 1401; x_wconf 85' lang='lat' dir='ltr'><strong>tatus</strong></span> <span class='ocrx_word' id='word_1_66' title='bbox 515 1337 544 1402; x_wconf 93' lang='lat' dir='ltr'><strong>ei</strong></span> <span class='ocrx_word' id='word_1_67' title='bbox 568 1338 685 1422; x_wconf 84' lang='lat' dir='ltr'><strong>sagitta</strong></span> <span class='ocrx_word' id='word_1_68' title='bbox 702 1361 799 1422; x_wconf 88' lang='lat' dir='ltr'><strong>quarn</strong></span> <span class='ocrx_word' id='word_1_69' title='bbox 823 1361 905 1424; x_wconf 90' lang='lat' dir='ltr'><strong>puer</strong></span> <span class='ocrx_word' id='word_1_70' title='bbox 923 1337 1051 1401; x_wconf 89' lang='lat' dir='ltr'><strong>inanem</strong></span> <span class='ocrx_word' id='word_1_71' title='bbox 1079 1358 1157 1400; x_wconf 88' lang='lat' dir='ltr'><strong>casu</strong></span> <span class='ocrx_word' id='word_1_72' title='bbox 1181 1334 1330 1399; x_wconf 78' lang='lat' dir='ltr'><strong>emiserat</strong></span> <span class='ocrx_word' id='word_1_73' title='bbox 1353 1335 1483 1401; x_wconf 83' lang='lat' dir='ltr'><strong>oorrlum</strong></span> <span class='ocrx_word' id='word_1_74' title='bbox 1508 1339 1601 1403; x_wconf 88' lang='lat' dir='ltr'><strong>eruit.</strong></span> 
     </span>
     <span class='ocr_line' id='line_1_9' title="bbox 402 1437 1601 1526; baseline 0.002 -24"><span class='ocrx_word' id='word_1_75' title='bbox 402 1438 519 1502; x_wconf 88' lang='lat' dir='ltr'><strong>Verius</strong></span> <span class='ocrx_word' id='word_1_76' title='bbox 547 1439 645 1524; x_wconf 87' lang='lat' dir='ltr'><strong>igitur</strong></span> <span class='ocrx_word' id='word_1_77' title='bbox 676 1450 796 1505; x_wconf 86' lang='lat' dir='ltr'><strong>terrore</strong></span> <span class='ocrx_word' id='word_1_78' title='bbox 821 1441 903 1526; x_wconf 89' lang='lat' dir='ltr'><strong>signi</strong></span> <span class='ocrx_word' id='word_1_79' title='bbox 928 1439 1072 1517; x_wconf 89' lang='lat' dir='ltr'><strong>secundi,</strong></span> <span class='ocrx_word' id='word_1_80' title='bbox 1101 1437 1178 1502; x_wconf 88' lang='lat' dir='ltr'><strong>licet</strong></span> <span class='ocrx_word' id='word_1_81' title='bbox 1200 1437 1233 1500; x_wconf 89' lang='lat' dir='ltr'><strong>in</strong></span> <span class='ocrx_word' id='word_1_82' title='bbox 1263 1437 1403 1516; x_wconf 89' lang='lat' dir='ltr'><strong>modico,</strong></span> <span class='ocrx_word' id='word_1_83' title='bbox 1428 1440 1601 1524; x_wconf 86' lang='lat' dir='ltr'><strong>poenitens,</strong></span> 
     </span>
     <span class='ocr_line' id='line_1_10' title="bbox 402 1540 1600 1628; baseline 0.001 -23"><span class='ocrx_word' id='word_1_84' title='bbox 402 1542 539 1606; x_wconf 85' lang='lat' dir='ltr'><strong>festinus</strong></span> <span class='ocrx_word' id='word_1_85' title='bbox 555 1543 596 1606; x_wconf 90' lang='lat' dir='ltr'><strong>ad</strong></span> <span class='ocrx_word' id='word_1_86' title='bbox 617 1543 809 1628; x_wconf 87' lang='lat' dir='ltr'><strong>episcopum</strong></span> <span class='ocrx_word' id='word_1_87' title='bbox 832 1543 994 1622; x_wconf 90' lang='lat' dir='ltr'><strong>convolat,</strong></span> <span class='ocrx_word' id='word_1_88' title='bbox 1017 1551 1051 1606; x_wconf 92' lang='lat' dir='ltr'><strong>et</strong></span> <span class='ocrx_word' id='word_1_89' title='bbox 1073 1540 1201 1604; x_wconf 87' lang='lat' dir='ltr'><strong>miseria</strong></span> <span class='ocrx_word' id='word_1_90' title='bbox 1222 1540 1366 1604; x_wconf 84' lang='lat' dir='ltr'><strong>vulneris</strong></span> <span class='ocrx_word' id='word_1_91' title='bbox 1388 1541 1505 1607; x_wconf 88' lang='lat' dir='ltr'><strong>inflicti</strong></span> <span class='ocrx_word' id='word_1_92' title='bbox 1524 1552 1600 1627; x_wconf 92' lang='lat' dir='ltr'><strong>post</strong></span> 
     </span>
     <span class='ocr_line' id='line_1_11' title="bbox 404 1643 1602 1730; baseline 0.003 -22"><span class='ocrx_word' id='word_1_93' title='bbox 404 1653 453 1708; x_wconf 89' lang='lat' dir='ltr'><strong>tot</strong></span> <span class='ocrx_word' id='word_1_94' title='bbox 481 1646 622 1730; x_wconf 88' lang='lat' dir='ltr'><strong>perjuria</strong></span> <span class='ocrx_word' id='word_1_95' title='bbox 650 1657 797 1711; x_wconf 89' lang='lat' dir='ltr'><strong>meretur·</strong></span> <span class='ocrx_word' id='word_1_96' title='bbox 820 1646 958 1711; x_wconf 87' lang='lat' dir='ltr'><strong>admitti.</strong></span> <span class='ocrx_word' id='word_1_97' title='bbox 1003 1645 1068 1711; x_wconf 84' lang='lat' dir='ltr'><strong>Sed</strong></span> <span class='ocrx_word' id='word_1_98' title='bbox 1104 1643 1215 1707; x_wconf 86' lang='lat' dir='ltr'><strong>statim</strong></span> <span class='ocrx_word' id='word_1_99' title='bbox 1249 1644 1454 1710; x_wconf 88' lang='lat' dir='ltr'><strong>decrescente</strong></span> <span class='ocrx_word' id='word_1_100' title='bbox 1491 1645 1602 1712; x_wconf 87' lang='lat' dir='ltr'><strong>dolore</strong></span> 
     </span>
     <span class='ocr_line' id='line_1_12' title="bbox 403 1747 1604 1835; baseline 0.003 -24"><span class='ocrx_word' id='word_1_101' title='bbox 403 1747 556 1827; x_wconf 90' lang='lat' dir='ltr'><strong>vulneris,</strong></span> <span class='ocrx_word' id='word_1_102' title='bbox 582 1750 697 1814; x_wconf 91' lang='lat' dir='ltr'><strong>crescit</strong></span> <span class='ocrx_word' id='word_1_103' title='bbox 724 1772 814 1815; x_wconf 89' lang='lat' dir='ltr'><strong>amor</strong></span> <span class='ocrx_word' id='word_1_104' title='bbox 838 1750 1029 1835; x_wconf 84' lang='lat' dir='ltr'><strong>iniquitatis,</strong></span> <span class='ocrx_word' id='word_1_105' title='bbox 1056 1749 1143 1813; x_wconf 89' lang='lat' dir='ltr'><strong>unde</strong></span> <span class='ocrx_word' id='word_1_106' title='bbox 1167 1757 1234 1812; x_wconf 88' lang='lat' dir='ltr'><strong>tam</strong></span> <span class='ocrx_word' id='word_1_107' title='bbox 1259 1768 1345 1832; x_wconf 84' lang='lat' dir='ltr'><strong>soepe</strong></span> <span class='ocrx_word' id='word_1_108' title='bbox 1369 1769 1440 1812; x_wconf 86' lang='lat' dir='ltr'><strong>sese</strong></span> <span class='ocrx_word' id='word_1_109' title='bbox 1465 1748 1604 1815; x_wconf 87' lang='lat' dir='ltr'><strong>deterior</strong></span> 
     </span>
     <span class='ocr_line' id='line_1_13' title="bbox 404 1849 1604 1937; baseline 0.003 -24"><span class='ocrx_word' id='word_1_110' title='bbox 404 1850 506 1914; x_wconf 88' lang='lat' dir='ltr'><strong>totius</strong></span> <span class='ocrx_word' id='word_1_111' title='bbox 521 1851 663 1916; x_wconf 70' lang='lat' dir='ltr'><strong>ecclesias</strong></span> <span class='ocrx_word' id='word_1_112' title='bbox 679 1875 798 1916; x_wconf 85' lang='lat' dir='ltr'><strong>nausea</strong></span> <span class='ocrx_word' id='word_1_113' title='bbox 812 1852 850 1917; x_wconf 85' lang='lat' dir='ltr'><strong>fit</strong></span> <span class='ocrx_word' id='word_1_114' title='bbox 864 1861 899 1916; x_wconf 90' lang='lat' dir='ltr'><strong>et</strong></span> <span class='ocrx_word' id='word_1_115' title='bbox 918 1851 1030 1937; x_wconf 92' lang='lat' dir='ltr'><strong>populi</strong></span> <span class='ocrx_word' id='word_1_116' title='bbox 1049 1859 1266 1934; x_wconf 89' lang='lat' dir='ltr'><strong>contemptus.</strong></span> <span class='ocrx_word' id='word_1_117' title='bbox 1310 1849 1434 1934; x_wconf 81' lang='lat' dir='ltr'><strong>Adjicit</strong></span> <span class='ocrx_word' id='word_1_118' title='bbox 1447 1871 1524 1935; x_wconf 89' lang='lat' dir='ltr'><strong>ergo</strong></span> <span class='ocrx_word' id='word_1_119' title='bbox 1538 1861 1604 1919; x_wconf 84' lang='lat' dir='ltr'><strong>ter-</strong></span> 
     </span>
     <span class='ocr_line' id='line_1_14' title="bbox 404 1952 1603 2040; baseline 0.002 -22"><span class='ocrx_word' id='word_1_120' title='bbox 404 1955 483 2018; x_wconf 85' lang='lat' dir='ltr'><strong>tiam</strong></span> <span class='ocrx_word' id='word_1_121' title='bbox 507 1977 597 2019; x_wconf 87' lang='lat' dir='ltr'><strong>suam</strong></span> <span class='ocrx_word' id='word_1_122' title='bbox 630 1956 714 2040; x_wconf 91' lang='lat' dir='ltr'><strong>Olga</strong></span> <span class='ocrx_word' id='word_1_123' title='bbox 737 1956 789 2020; x_wconf 90' lang='lat' dir='ltr'><strong>cui</strong></span> <span class='ocrx_word' id='word_1_124' title='bbox 815 1956 953 2020; x_wconf 81' lang='lat' dir='ltr'><strong>traditus</strong></span> <span class='ocrx_word' id='word_1_125' title='bbox 980 1965 1030 2017; x_wconf 87' lang='lat' dir='ltr'><strong>est</strong></span> <span class='ocrx_word' id='word_1_126' title='bbox 1058 1963 1092 2017; x_wconf 89' lang='lat' dir='ltr'><strong>et</strong></span> <span class='ocrx_word' id='word_1_127' title='bbox 1120 1952 1267 2016; x_wconf 89' lang='lat' dir='ltr'><strong>ultimam</strong></span> <span class='ocrx_word' id='word_1_128' title='bbox 1301 1953 1437 2039; x_wconf 85' lang='lat' dir='ltr'><strong>AEgypti</strong></span> <span class='ocrx_word' id='word_1_129' title='bbox 1464 1954 1603 2040; x_wconf 80' lang='lat' dir='ltr'><strong>plagam,</strong></span> 
     </span>
     <span class='ocr_line' id='line_1_15' title="bbox 405 2055 1603 2142; baseline 0.003 -22"><span class='ocrx_word' id='word_1_130' title='bbox 405 2057 610 2142; x_wconf 83' lang='lat' dir='ltr'><strong>primogeniti</strong></span> <span class='ocrx_word' id='word_1_131' title='bbox 627 2059 676 2122; x_wconf 90' lang='lat' dir='ltr'><strong>sui</strong></span> <span class='ocrx_word' id='word_1_132' title='bbox 695 2068 761 2122; x_wconf 85' lang='lat' dir='ltr'><strong>tam</strong></span> <span class='ocrx_word' id='word_1_133' title='bbox 777 2059 870 2122; x_wconf 88' lang='lat' dir='ltr'><strong>unice</strong></span> <span class='ocrx_word' id='word_1_134' title='bbox 882 2057 944 2121; x_wconf 88' lang='lat' dir='ltr'><strong>sibi</strong></span> <span class='ocrx_word' id='word_1_135' title='bbox 960 2055 1115 2120; x_wconf 82' lang='lat' dir='ltr'><strong>carissimi</strong></span> <span class='ocrx_word' id='word_1_136' title='bbox 1126 2065 1275 2134; x_wconf 82' lang='lat' dir='ltr'><strong>mortem,</strong></span> <span class='ocrx_word' id='word_1_137' title='bbox 1287 2065 1325 2119; x_wconf 90' lang='lat' dir='ltr'><strong>ut</strong></span> <span class='ocrx_word' id='word_1_138' title='bbox 1335 2078 1393 2120; x_wconf 92' lang='lat' dir='ltr'><strong>sua</strong></span> <span class='ocrx_word' id='word_1_139' title='bbox 1403 2066 1480 2140; x_wconf 90' lang='lat' dir='ltr'><strong>post</strong></span> <span class='ocrx_word' id='word_1_140' title='bbox 1494 2057 1603 2142; x_wconf 89' lang='lat' dir='ltr'><strong>ipsum</strong></span> 
     </span>
     <span class='ocr_line' id='line_1_16' title="bbox 406 2156 1603 2242; baseline 0.003 -21"><span class='ocrx_word' id='word_1_141' title='bbox 406 2157 468 2222; x_wconf 90' lang='lat' dir='ltr'><strong>sibi</strong></span> <span class='ocrx_word' id='word_1_142' title='bbox 482 2181 556 2223; x_wconf 89' lang='lat' dir='ltr'><strong>vere</strong></span> <span class='ocrx_word' id='word_1_143' title='bbox 571 2159 637 2223; x_wconf 90' lang='lat' dir='ltr'><strong>vita</strong></span> <span class='ocrx_word' id='word_1_144' title='bbox 651 2159 794 2224; x_wconf 88' lang='lat' dir='ltr'><strong>vilescat.</strong></span> <span class='ocrx_word' id='word_1_145' title='bbox 841 2157 994 2222; x_wconf 81' lang='lat' dir='ltr'><strong>Funereis</strong></span> <span class='ocrx_word' id='word_1_146' title='bbox 1009 2157 1107 2242; x_wconf 87' lang='lat' dir='ltr'><strong>igitur</strong></span> <span class='ocrx_word' id='word_1_147' title='bbox 1124 2156 1257 2221; x_wconf 89' lang='lat' dir='ltr'><strong>indutus</strong></span> <span class='ocrx_word' id='word_1_148' title='bbox 1280 2156 1314 2219; x_wconf 88' lang='lat' dir='ltr'><strong>in</strong></span> <span class='ocrx_word' id='word_1_149' title='bbox 1337 2157 1422 2222; x_wconf 89' lang='lat' dir='ltr'><strong>lecto</strong></span> <span class='ocrx_word' id='word_1_150' title='bbox 1438 2158 1556 2224; x_wconf 87' lang='lat' dir='ltr'><strong>cineris</strong></span> <span class='ocrx_word' id='word_1_151' title='bbox 1570 2171 1603 2225; x_wconf 89' lang='lat' dir='ltr'><strong>ct</strong></span> 
     </span>
     <span class='ocr_line' id='line_1_17' title="bbox 407 2259 1605 2345; baseline 0.002 -19"><span class='ocrx_word' id='word_1_152' title='bbox 407 2262 499 2327; x_wconf 87' lang='lat' dir='ltr'><strong>cilicii</strong></span> <span class='ocrx_word' id='word_1_153' title='bbox 524 2263 700 2342; x_wconf 88' lang='lat' dir='ltr'><strong>decumbit,</strong></span> <span class='ocrx_word' id='word_1_154' title='bbox 727 2275 794 2327; x_wconf 86' lang='lat' dir='ltr'><strong>tam</strong></span> <span class='ocrx_word' id='word_1_155' title='bbox 820 2261 987 2326; x_wconf 88' lang='lat' dir='ltr'><strong>verissime</strong></span> <span class='ocrx_word' id='word_1_156' title='bbox 1010 2260 1184 2345; x_wconf 74' lang='lat' dir='ltr'><strong>poenitens,</strong></span> <span class='ocrx_word' id='word_1_157' title='bbox 1204 2269 1271 2322; x_wconf 83' lang='lat' dir='ltr'><strong>tam</strong></span> <span class='ocrx_word' id='word_1_158' title='bbox 1296 2259 1383 2322; x_wconf 87' lang='lat' dir='ltr'><strong>fideli</strong></span> <span class='ocrx_word' id='word_1_159' title='bbox 1410 2261 1605 2328; x_wconf 83' lang='lat' dir='ltr'><strong>contritione</strong></span> 
     </span>
     <span class='ocr_line' id='line_1_18' title="bbox 406 2361 1605 2450; baseline 0.002 -22"><span class='ocrx_word' id='word_1_160' title='bbox 406 2365 617 2429; x_wconf 88' lang='lat' dir='ltr'><strong>miserrimam</strong></span> <span class='ocrx_word' id='word_1_161' title='bbox 634 2366 778 2450; x_wconf 86' lang='lat' dir='ltr'><strong>affligens</strong></span> <span class='ocrx_word' id='word_1_162' title='bbox 797 2365 949 2443; x_wconf 89' lang='lat' dir='ltr'><strong>animam,</strong></span> <span class='ocrx_word' id='word_1_163' title='bbox 971 2373 1009 2426; x_wconf 90' lang='lat' dir='ltr'><strong>ut</strong></span> <span class='ocrx_word' id='word_1_164' title='bbox 1022 2362 1106 2426; x_wconf 84' lang='lat' dir='ltr'><strong>infra</strong></span> <span class='ocrx_word' id='word_1_165' title='bbox 1121 2361 1283 2426; x_wconf 89' lang='lat' dir='ltr'><strong>modicum</strong></span> <span class='ocrx_word' id='word_1_166' title='bbox 1299 2361 1455 2447; x_wconf 86' lang='lat' dir='ltr'><strong>temporis</strong></span> <span class='ocrx_word' id='word_1_167' title='bbox 1470 2363 1605 2430; x_wconf 87' lang='lat' dir='ltr'><strong>firmiter</strong></span> 
     </span>
     <span class='ocr_line' id='line_1_19' title="bbox 406 2465 1605 2550; baseline 0.003 -20"><span class='ocrx_word' id='word_1_168' title='bbox 406 2468 527 2533; x_wconf 68' lang='lat' dir='ltr'><strong>haereat</strong></span> <span class='ocrx_word' id='word_1_169' title='bbox 541 2469 670 2533; x_wconf 87' lang='lat' dir='ltr'><strong>ossibus</strong></span> <span class='ocrx_word' id='word_1_170' title='bbox 686 2478 852 2534; x_wconf 87' lang='lat' dir='ltr'><strong>attenuata</strong></span> <span class='ocrx_word' id='word_1_171' title='bbox 866 2468 960 2546; x_wconf 90' lang='lat' dir='ltr'><strong>cutis,</strong></span> <span class='ocrx_word' id='word_1_172' title='bbox 972 2477 1004 2531; x_wconf 87' lang='lat' dir='ltr'><strong>ct</strong></span> <span class='ocrx_word' id='word_1_173' title='bbox 1019 2465 1073 2531; x_wconf 86' lang='lat' dir='ltr'><strong>vix</strong></span> <span class='ocrx_word' id='word_1_174' title='bbox 1095 2466 1129 2530; x_wconf 93' lang='lat' dir='ltr'><strong>in</strong></span> <span class='ocrx_word' id='word_1_175' title='bbox 1152 2486 1285 2550; x_wconf 84' lang='lat' dir='ltr'><strong>corpore</strong></span> <span class='ocrx_word' id='word_1_176' title='bbox 1301 2466 1433 2549; x_wconf 90' lang='lat' dir='ltr'><strong>spiritus</strong></span> <span class='ocrx_word' id='word_1_177' title='bbox 1447 2475 1605 2533; x_wconf 87' lang='lat' dir='ltr'><strong>teneatur.</strong></span> 
     </span>
     <span class='ocr_line' id='line_1_20' title="bbox 405 2566 1604 2655; baseline 0.001 -22"><span class='ocrx_word' id='word_1_178' title='bbox 405 2568 481 2633; x_wconf 88' lang='lat' dir='ltr'><strong>Jam</strong></span> <span class='ocrx_word' id='word_1_179' title='bbox 496 2568 525 2634; x_wconf 90' lang='lat' dir='ltr'><strong>ei</strong></span> <span class='ocrx_word' id='word_1_180' title='bbox 541 2570 624 2634; x_wconf 87' lang='lat' dir='ltr'><strong>serio</strong></span> <span class='ocrx_word' id='word_1_181' title='bbox 639 2570 714 2635; x_wconf 89' lang='lat' dir='ltr'><strong>licet</strong></span> <span class='ocrx_word' id='word_1_182' title='bbox 729 2592 800 2635; x_wconf 89' lang='lat' dir='ltr'><strong>sero</strong></span> <span class='ocrx_word' id='word_1_183' title='bbox 816 2569 1007 2655; x_wconf 80' lang='lat' dir='ltr'><strong>poenitentia</strong></span> <span class='ocrx_word' id='word_1_184' title='bbox 1022 2568 1138 2652; x_wconf 86' lang='lat' dir='ltr'><strong>placet,</strong></span> <span class='ocrx_word' id='word_1_185' title='bbox 1154 2566 1194 2629; x_wconf 92' lang='lat' dir='ltr'><strong>ad</strong></span> <span class='ocrx_word' id='word_1_186' title='bbox 1210 2587 1323 2630; x_wconf 87' lang='lat' dir='ltr'><strong>omnes</strong></span> <span class='ocrx_word' id='word_1_187' title='bbox 1337 2578 1490 2652; x_wconf 88' lang='lat' dir='ltr'><strong>properat</strong></span> <span class='ocrx_word' id='word_1_188' title='bbox 1508 2591 1604 2653; x_wconf 84' lang='lat' dir='ltr'><strong>quos·</strong></span> 
     </span>
     <span class='ocr_line' id='line_1_21' title="bbox 407 2666 1604 2754; baseline 0.003 -22"><span class='ocrx_word' id='word_1_189' title='bbox 407 2691 534 2754; x_wconf 90' lang='lat' dir='ltr'><strong>cunque</strong></span> <span class='ocrx_word' id='word_1_190' title='bbox 551 2671 787 2751; x_wconf 87' lang='lat' dir='ltr'><strong>molestaverat,</strong></span> <span class='ocrx_word' id='word_1_191' title='bbox 802 2681 836 2735; x_wconf 89' lang='lat' dir='ltr'><strong>et</strong></span> <span class='ocrx_word' id='word_1_192' title='bbox 851 2681 889 2735; x_wconf 91' lang='lat' dir='ltr'><strong>ut</strong></span> <span class='ocrx_word' id='word_1_193' title='bbox 903 2680 972 2734; x_wconf 87' lang='lat' dir='ltr'><strong>erat</strong></span> <span class='ocrx_word' id='word_1_194' title='bbox 985 2688 1158 2753; x_wconf 87' lang='lat' dir='ltr'><strong>persuasor</strong></span> <span class='ocrx_word' id='word_1_195' title='bbox 1178 2666 1419 2732; x_wconf 86' lang='lat' dir='ltr'><strong>efficacissimus</strong></span> <span class='ocrx_word' id='word_1_196' title='bbox 1435 2690 1548 2734; x_wconf 90' lang='lat' dir='ltr'><strong>omnes</strong></span> <span class='ocrx_word' id='word_1_197' title='bbox 1564 2672 1604 2736; x_wconf 88' lang='lat' dir='ltr'><strong>ad</strong></span> 
     </span>
     <span class='ocr_line' id='line_1_22' title="bbox 406 2770 1605 2857; baseline 0.003 -23"><span class='ocrx_word' id='word_1_198' title='bbox 406 2772 657 2837; x_wconf 87' lang='lat' dir='ltr'><strong>misericordiam</strong></span> <span class='ocrx_word' id='word_1_199' title='bbox 674 2775 725 2837; x_wconf 91' lang='lat' dir='ltr'><strong>sui</strong></span> <span class='ocrx_word' id='word_1_200' title='bbox 740 2775 841 2839; x_wconf 89' lang='lat' dir='ltr'><strong>flectit</strong></span> <span class='ocrx_word' id='word_1_201' title='bbox 855 2784 922 2837; x_wconf 93' lang='lat' dir='ltr'><strong>tam</strong></span> <span class='ocrx_word' id='word_1_202' title='bbox 943 2773 1126 2857; x_wconf 85' lang='lat' dir='ltr'><strong>eloquentia</strong></span> <span class='ocrx_word' id='word_1_203' title='bbox 1148 2770 1299 2854; x_wconf 86' lang='lat' dir='ltr'><strong>singulari</strong></span> <span class='ocrx_word' id='word_1_204' title='bbox 1323 2792 1420 2856; x_wconf 88' lang='lat' dir='ltr'><strong>quam</strong></span> <span class='ocrx_word' id='word_1_205' title='bbox 1437 2774 1605 2838; x_wconf 85' lang='lat' dir='ltr'><strong>manifesta</strong></span> 
     </span>
     <span class='ocr_line' id='line_1_23' title="bbox 407 2874 1604 2943; baseline 0.004 -7"><span class='ocrx_word' id='word_1_206' title='bbox 407 2874 545 2938; x_wconf 87' lang='lat' dir='ltr'><strong>miseria.</strong></span> <span class='ocrx_word' id='word_1_207' title='bbox 591 2876 719 2942; x_wconf 72' lang='lat' dir='ltr'><strong>Quibus</strong></span> <span class='ocrx_word' id='word_1_208' title='bbox 735 2877 888 2941; x_wconf 88' lang='lat' dir='ltr'><strong>omnibus</strong></span> <span class='ocrx_word' id='word_1_209' title='bbox 908 2876 1081 2941; x_wconf 89' lang='lat' dir='ltr'><strong>comitatus</strong></span> <span class='ocrx_word' id='word_1_210' title='bbox 1105 2897 1178 2938; x_wconf 89' lang='lat' dir='ltr'><strong>cum</strong></span> <span class='ocrx_word' id='word_1_211' title='bbox 1204 2896 1302 2937; x_wconf 86' lang='lat' dir='ltr'><strong>manu</strong></span> <span class='ocrx_word' id='word_1_212' title='bbox 1326 2875 1467 2940; x_wconf 88' lang='lat' dir='ltr'><strong>maxima</strong></span> <span class='ocrx_word' id='word_1_213' title='bbox 1491 2877 1604 2943; x_wconf 87' lang='lat' dir='ltr'><strong>Belva·</strong></span> 
     </span>
     <span class='ocr_line' id='line_1_24' title="bbox 409 2976 1606 3062; baseline 0.004 -24"><span class='ocrx_word' id='word_1_214' title='bbox 409 2997 483 3038; x_wconf 89' lang='lat' dir='ltr'><strong>oum</strong></span> <span class='ocrx_word' id='word_1_215' title='bbox 507 2976 611 3060; x_wconf 91' lang='lat' dir='ltr'><strong>petiit,</strong></span> <span class='ocrx_word' id='word_1_216' title='bbox 630 2977 818 3062; x_wconf 91' lang='lat' dir='ltr'><strong>episcopum</strong></span> <span class='ocrx_word' id='word_1_217' title='bbox 840 2989 930 3042; x_wconf 84' lang='lat' dir='ltr'><strong>extra</strong></span> <span class='ocrx_word' id='word_1_218' title='bbox 954 2998 1064 3041; x_wconf 90' lang='lat' dir='ltr'><strong>muros</strong></span> <span class='ocrx_word' id='word_1_219' title='bbox 1080 2976 1204 3040; x_wconf 88' lang='lat' dir='ltr'><strong>invenit</strong></span> <span class='ocrx_word' id='word_1_220' title='bbox 1228 2976 1269 3040; x_wconf 86' lang='lat' dir='ltr'><strong>ad</strong></span> <span class='ocrx_word' id='word_1_221' title='bbox 1292 2997 1406 3062; x_wconf 88' lang='lat' dir='ltr'><strong>rogum</strong></span> <span class='ocrx_word' id='word_1_222' title='bbox 1429 2978 1606 3044; x_wconf 83' lang='lat' dir='ltr'><strong>maximum</strong></span> 
     </span>
     <span class='ocr_line' id='line_1_25' title="bbox 410 3076 1522 3163; baseline 0.003 -23"><span class='ocrx_word' id='word_1_223' title='bbox 410 3097 505 3161; x_wconf 87' lang='lat' dir='ltr'><strong>quern</strong></span> <span class='ocrx_word' id='word_1_224' title='bbox 521 3077 732 3143; x_wconf 90' lang='lat' dir='ltr'><strong>incenderant</strong></span> <span class='ocrx_word' id='word_1_225' title='bbox 742 3077 868 3163; x_wconf 83' lang='lat' dir='ltr'><strong>judices</strong></span> <span class='ocrx_word' id='word_1_226' title='bbox 885 3079 1024 3143; x_wconf 86' lang='lat' dir='ltr'><strong>civitatis</strong></span> <span class='ocrx_word' id='word_1_227' title='bbox 1040 3088 1078 3141; x_wconf 91' lang='lat' dir='ltr'><strong>ut</strong></span> <span class='ocrx_word' id='word_1_228' title='bbox 1093 3076 1307 3162; x_wconf 87' lang='lat' dir='ltr'><strong>phitonissanr</strong></span> <span class='ocrx_word' id='word_1_229' title='bbox 1323 3077 1522 3162; x_wconf 79' lang='lat' dir='ltr'><strong>injicerent*</strong></span> 
     </span>
     <span class='ocr_line' id='line_1_26' title="bbox 453 3179 1607 3266; baseline 0.005 -25"><span class='ocrx_word' id='word_1_230' title='bbox 453 3179 610 3264; x_wconf 85' lang='lat' dir='ltr'><strong>Agnoscit</strong></span> <span class='ocrx_word' id='word_1_231' title='bbox 632 3202 705 3245; x_wconf 88' lang='lat' dir='ltr'><strong>eum</strong></span> <span class='ocrx_word' id='word_1_232' title='bbox 729 3204 749 3245; x_wconf 92' lang='lat' dir='ltr'><strong>a</strong></span> <span class='ocrx_word' id='word_1_233' title='bbox 770 3182 864 3266; x_wconf 85' lang='lat' dir='ltr'><strong>longe</strong></span> <span class='ocrx_word' id='word_1_234' title='bbox 891 3182 1047 3266; x_wconf 86' lang='lat' dir='ltr'><strong>pontifex,</strong></span> <span class='ocrx_word' id='word_1_235' title='bbox 1067 3191 1101 3244; x_wconf 92' lang='lat' dir='ltr'><strong>et</strong></span> <span class='ocrx_word' id='word_1_236' title='bbox 1124 3181 1366 3266; x_wconf 87' lang='lat' dir='ltr'><strong>horripilatione</strong></span> <span class='ocrx_word' id='word_1_237' title='bbox 1389 3181 1504 3266; x_wconf 86' lang='lat' dir='ltr'><strong>frigida</strong></span> <span class='ocrx_word' id='word_1_238' title='bbox 1518 3189 1607 3247; x_wconf 86' lang='lat' dir='ltr'><strong>totus</strong></span> 
     </span>
     <span class='ocr_line' id='line_1_27' title="bbox 410 3281 1608 3369; baseline 0.003 -23"><span class='ocrx_word' id='word_1_239' title='bbox 410 3281 591 3364; x_wconf 88' lang='lat' dir='ltr'><strong>obrigescit.</strong></span> <span class='ocrx_word' id='word_1_240' title='bbox 637 3281 769 3346; x_wconf 88' lang='lat' dir='ltr'><strong>Claudit</strong></span> <span class='ocrx_word' id='word_1_241' title='bbox 796 3281 837 3346; x_wconf 91' lang='lat' dir='ltr'><strong>ab</strong></span> <span class='ocrx_word' id='word_1_242' title='bbox 859 3303 898 3346; x_wconf 89' lang='lat' dir='ltr'><strong>eo</strong></span> <span class='ocrx_word' id='word_1_243' title='bbox 925 3283 1048 3347; x_wconf 88' lang='lat' dir='ltr'><strong>viscera</strong></span> <span class='ocrx_word' id='word_1_244' title='bbox 1072 3303 1113 3346; x_wconf 89' lang='lat' dir='ltr'><strong>ne</strong></span> <span class='ocrx_word' id='word_1_245' title='bbox 1137 3283 1326 3348; x_wconf 89' lang='lat' dir='ltr'><strong>misereatur</strong></span> <span class='ocrx_word' id='word_1_246' title='bbox 1342 3284 1424 3367; x_wconf 82' lang='lat' dir='ltr'><strong>ejus,</strong></span> <span class='ocrx_word' id='word_1_247' title='bbox 1438 3283 1608 3369; x_wconf 82' lang='lat' dir='ltr'><strong>firmatque</strong></span> 
     </span>
     <span class='ocr_line' id='line_1_28' title="bbox 410 3382 1608 3472; baseline 0.003 -25"><span class='ocrx_word' id='word_1_248' title='bbox 410 3383 470 3448; x_wconf 86' lang='lat' dir='ltr'><strong>sibi</strong></span> <span class='ocrx_word' id='word_1_249' title='bbox 486 3404 541 3448; x_wconf 86' lang='lat' dir='ltr'><strong>cor</strong></span> <span class='ocrx_word' id='word_1_250' title='bbox 557 3405 598 3447; x_wconf 90' lang='lat' dir='ltr'><strong>ne</strong></span> <span class='ocrx_word' id='word_1_251' title='bbox 613 3385 780 3449; x_wconf 82' lang='lat' dir='ltr'><strong>medeatur</strong></span> <span class='ocrx_word' id='word_1_252' title='bbox 790 3384 938 3462; x_wconf 84' lang='lat' dir='ltr'><strong>infirm03</strong></span> <span class='ocrx_word' id='word_1_253' title='bbox 963 3384 1076 3448; x_wconf 90' lang='lat' dir='ltr'><strong>statuit</strong></span> <span class='ocrx_word' id='word_1_254' title='bbox 1085 3382 1203 3449; x_wconf 87' lang='lat' dir='ltr'><strong>obnixe</strong></span> <span class='ocrx_word' id='word_1_255' title='bbox 1220 3408 1262 3450; x_wconf 91' lang='lat' dir='ltr'><strong>ne</strong></span> <span class='ocrx_word' id='word_1_256' title='bbox 1274 3386 1445 3450; x_wconf 89' lang='lat' dir='ltr'><strong>deludatur</strong></span> <span class='ocrx_word' id='word_1_257' title='bbox 1459 3387 1608 3472; x_wconf 82' lang='lat' dir='ltr'><strong>amplius,</strong></span> 
     </span>
     <span class='ocr_line' id='line_1_29' title="bbox 410 3486 1608 3574; baseline 0.003 -23"><span class='ocrx_word' id='word_1_258' title='bbox 410 3496 444 3551; x_wconf 89' lang='lat' dir='ltr'><strong>et</strong></span> <span class='ocrx_word' id='word_1_259' title='bbox 457 3496 547 3551; x_wconf 87' lang='lat' dir='ltr'><strong>totus</strong></span> <span class='ocrx_word' id='word_1_260' title='bbox 564 3486 750 3552; x_wconf 86' lang='lat' dir='ltr'><strong>obdurescit</strong></span> <span class='ocrx_word' id='word_1_261' title='bbox 763 3488 796 3550; x_wconf 89' lang='lat' dir='ltr'><strong>in</strong></span> <span class='ocrx_word' id='word_1_262' title='bbox 813 3486 993 3572; x_wconf 88' lang='lat' dir='ltr'><strong>chalybem.</strong></span> <span class='ocrx_word' id='word_1_263' title='bbox 1015 3487 1120 3551; x_wconf 88' lang='lat' dir='ltr'><strong>Adest</strong></span> <span class='ocrx_word' id='word_1_264' title='bbox 1135 3487 1188 3553; x_wconf 91' lang='lat' dir='ltr'><strong>ille</strong></span> <span class='ocrx_word' id='word_1_265' title='bbox 1204 3488 1300 3553; x_wconf 91' lang='lat' dir='ltr'><strong>solito</strong></span> <span class='ocrx_word' id='word_1_266' title='bbox 1313 3489 1421 3553; x_wconf 88' lang='lat' dir='ltr'><strong>mitior</strong></span> <span class='ocrx_word' id='word_1_267' title='bbox 1432 3499 1466 3553; x_wconf 90' lang='lat' dir='ltr'><strong>et</strong></span> <span class='ocrx_word' id='word_1_268' title='bbox 1480 3499 1608 3574; x_wconf 88' lang='lat' dir='ltr'><strong>sperato</strong></span> 
     </span>
     <span class='ocr_line' id='line_1_30' title="bbox 410 3589 1609 3676; baseline 0.003 -23"><span class='ocrx_word' id='word_1_269' title='bbox 410 3590 550 3653; x_wconf 91' lang='lat' dir='ltr'><strong>multum</strong></span> <span class='ocrx_word' id='word_1_270' title='bbox 562 3589 725 3669; x_wconf 88' lang='lat' dir='ltr'><strong>humilior,</strong></span> <span class='ocrx_word' id='word_1_271' title='bbox 734 3613 799 3654; x_wconf 92' lang='lat' dir='ltr'><strong>non</strong></span> <span class='ocrx_word' id='word_1_272' title='bbox 814 3591 922 3654; x_wconf 91' lang='lat' dir='ltr'><strong>minus</strong></span> <span class='ocrx_word' id='word_1_273' title='bbox 935 3589 1126 3654; x_wconf 86' lang='lat' dir='ltr'><strong>miserabilis</strong></span> <span class='ocrx_word' id='word_1_274' title='bbox 1138 3611 1196 3675; x_wconf 85' lang='lat' dir='ltr'><strong>per</strong></span> <span class='ocrx_word' id='word_1_275' title='bbox 1203 3591 1383 3676; x_wconf 86' lang='lat' dir='ltr'><strong>lachrymas</strong></span> <span class='ocrx_word' id='word_1_276' title='bbox 1396 3592 1480 3656; x_wconf 92' lang='lat' dir='ltr'><strong>oculi</strong></span> <span class='ocrx_word' id='word_1_277' title='bbox 1492 3593 1609 3656; x_wconf 86' lang='lat' dir='ltr'><strong>retenti</strong></span> 
     </span>
     <span class='ocr_line' id='line_1_31' title="bbox 409 3690 1609 3777; baseline 0.002 -23"><span class='ocrx_word' id='word_1_278' title='bbox 409 3713 506 3777; x_wconf 88' lang='lat' dir='ltr'><strong>quam</strong></span> <span class='ocrx_word' id='word_1_279' title='bbox 516 3711 575 3775; x_wconf 86' lang='lat' dir='ltr'><strong>per</strong></span> <span class='ocrx_word' id='word_1_280' title='bbox 586 3692 745 3775; x_wconf 84' lang='lat' dir='ltr'><strong>jacturam</strong></span> <span class='ocrx_word' id='word_1_281' title='bbox 758 3690 859 3770; x_wconf 81' lang='lat' dir='ltr'><strong>eruti3</strong></span> <span class='ocrx_word' id='word_1_282' title='bbox 879 3690 1016 3775; x_wconf 90' lang='lat' dir='ltr'><strong>pedibus</strong></span> <span class='ocrx_word' id='word_1_283' title='bbox 1029 3690 1173 3776; x_wconf 88' lang='lat' dir='ltr'><strong>episcopi</strong></span> <span class='ocrx_word' id='word_1_284' title='bbox 1188 3691 1389 3776; x_wconf 84' lang='lat' dir='ltr'><strong>provolvitur</strong></span> <span class='ocrx_word' id='word_1_285' title='bbox 1398 3701 1473 3757; x_wconf 87' lang='lat' dir='ltr'><strong>ante</strong></span> <span class='ocrx_word' id='word_1_286' title='bbox 1484 3713 1609 3776; x_wconf 85' lang='lat' dir='ltr'><strong>rogum,</strong></span> 
     </span>
    </p>
   </div>
   <div class='ocr_carea' id='block_1_3' title="bbox 307 3793 1609 3880">
    <p class='ocr_par' dir='ltr' id='par_1_3' title="bbox 307 3793 1609 3880">
     <span class='ocr_line' id='line_1_32' title="bbox 307 3793 1609 3880; baseline 0.006 -28"><span class='ocrx_word' id='word_1_287' title='bbox 307 3843 318 3852; x_wconf 90' lang='lat'><em>.</em></span> <span class='ocrx_word' id='word_1_288' title='bbox 410 3817 469 3879; x_wconf 92' lang='lat' dir='ltr'><strong>pro</strong></span> <span class='ocrx_word' id='word_1_289' title='bbox 487 3817 551 3880; x_wconf 92' lang='lat' dir='ltr'><strong>quo</strong></span> <span class='ocrx_word' id='word_1_290' title='bbox 576 3817 650 3858; x_wconf 92' lang='lat' dir='ltr'><strong>cum</strong></span> <span class='ocrx_word' id='word_1_291' title='bbox 673 3816 749 3859; x_wconf 87' lang='lat' dir='ltr'><strong>vera</strong></span> <span class='ocrx_word' id='word_1_292' title='bbox 773 3793 888 3858; x_wconf 92' lang='lat' dir='ltr'><strong>merito</strong></span> <span class='ocrx_word' id='word_1_293' title='bbox 914 3793 1054 3858; x_wconf 87' lang='lat' dir='ltr'><strong>debeant</strong></span> <span class='ocrx_word' id='word_1_294' title='bbox 1078 3815 1227 3878; x_wconf 87' lang='lat' dir='ltr'><strong>perorare</strong></span> <span class='ocrx_word' id='word_1_295' title='bbox 1253 3795 1404 3876; x_wconf 84' lang='lat' dir='ltr'><strong>lamenta,</strong></span> <span class='ocrx_word' id='word_1_296' title='bbox 1428 3795 1609 3880; x_wconf 90' lang='lat' dir='ltr'><strong>principum</strong></span> 
     </span>
    </p>
   </div>
   <div class='ocr_carea' id='block_1_4' title="bbox 409 3953 1606 4205">
    <p class='ocr_par' dir='ltr' id='par_1_4' title="bbox 409 3953 1606 4205">
     <span class='ocr_line' id='line_1_33' title="bbox 440 3953 1606 4046; baseline 0.003 -18"><span class='ocrx_word' id='word_1_297' title='bbox 440 3979 456 4011; x_wconf 82' lang='grc'>*</span> <span class='ocrx_word' id='word_1_298' title='bbox 473 3981 533 4029; x_wconf 88' lang='lat' dir='ltr'><strong>This</strong></span> <span class='ocrx_word' id='word_1_299' title='bbox 545 3983 566 4030; x_wconf 86' lang='lat' dir='ltr'><strong>is</strong></span> <span class='ocrx_word' id='word_1_300' title='bbox 577 3997 592 4029; x_wconf 84' lang='lat' dir='ltr'><strong>a</strong></span> <span class='ocrx_word' id='word_1_301' title='bbox 603 3997 661 4044; x_wconf 81' lang='lat' dir='ltr'><strong>very</strong></span> <span class='ocrx_word' id='word_1_302' title='bbox 673 3983 739 4044; x_wconf 79' lang='lat' dir='ltr'><strong>early</strong></span> <span class='ocrx_word' id='word_1_303' title='bbox 750 3953 862 4029; x_wconf 80' lang='lat' dir='ltr'><strong>instance</strong></span> <span class='ocrx_word' id='word_1_304' title='bbox 873 3980 901 4028; x_wconf 80' lang='lat' dir='ltr'><strong>of</strong></span> <span class='ocrx_word' id='word_1_305' title='bbox 915 3981 990 4028; x_wconf 87' lang='lat' dir='ltr'><strong>burn·</strong></span> <span class='ocrx_word' id='word_1_306' title='bbox 1025 3979 1106 4029; x_wconf 81' lang='lat' dir='ltr'><strong>“The</strong></span> <span class='ocrx_word' id='word_1_307' title='bbox 1118 3979 1280 4044; x_wconf 81' lang='lat' dir='ltr'><strong>Procscdings</strong></span> <span class='ocrx_word' id='word_1_308' title='bbox 1290 3983 1385 4044; x_wconf 85' lang='lat' dir='ltr'><strong>against</strong></span> <span class='ocrx_word' id='word_1_309' title='bbox 1395 3983 1465 4032; x_wconf 79' lang='lat' dir='ltr'><strong>Alica</strong></span> <span class='ocrx_word' id='word_1_310' title='bbox 1478 3983 1606 4046; x_wconf 79' lang='lat' dir='ltr'><strong>Kytsler,”</strong></span> 
     </span>
     <span class='ocr_line' id='line_1_34' title="bbox 410 4061 1492 4129; baseline 0.003 -20"><span class='ocrx_word' id='word_1_311' title='bbox 410 4064 452 4123; x_wconf 81' lang='lat' dir='ltr'><strong>ing</strong></span> <span class='ocrx_word' id='word_1_312' title='bbox 460 4061 650 4111; x_wconf 81' lang='lat' dir='ltr'><strong>lorwitohcraft.</strong></span> <span class='ocrx_word' id='word_1_313' title='bbox 680 4063 726 4111; x_wconf 87' lang='lat' dir='ltr'><strong>See</strong></span> <span class='ocrx_word' id='word_1_314' title='bbox 733 4077 801 4110; x_wconf 86' lang='lat' dir='ltr'><strong>some</strong></span> <span class='ocrx_word' id='word_1_315' title='bbox 808 4062 916 4110; x_wconf 80' lang='lat' dir='ltr'><strong>remarks</strong></span> <span class='ocrx_word' id='word_1_316' title='bbox 925 4077 992 4125; x_wconf 88' lang='lat' dir='ltr'><strong>upon</strong></span> <span class='ocrx_word' id='word_1_317' title='bbox 1025 4063 1156 4125; x_wconf 84' lang='lat' dir='ltr'><strong>published</strong></span> <span class='ocrx_word' id='word_1_318' title='bbox 1166 4063 1200 4126; x_wconf 85' lang='lat' dir='ltr'><strong>by</strong></span> <span class='ocrx_word' id='word_1_319' title='bbox 1211 4064 1252 4112; x_wconf 84' lang='lat' dir='ltr'><strong>the</strong></span> <span class='ocrx_word' id='word_1_320' title='bbox 1264 4061 1371 4114; x_wconf 80' lang='lat' dir='ltr'><strong>camden</strong></span> <span class='ocrx_word' id='word_1_321' title='bbox 1386 4064 1492 4129; x_wconf 79' lang='lat' dir='ltr'><strong>Socicty.</strong></span> 
     </span>
     <span class='ocr_line' id='line_1_35' title="bbox 409 4143 992 4205; baseline -0.002 -13"><span class='ocrx_word' id='word_1_322' title='bbox 409 4145 458 4192; x_wconf 80' lang='lat' dir='ltr'><strong>this</strong></span> <span class='ocrx_word' id='word_1_323' title='bbox 469 4143 567 4191; x_wconf 79' lang='lat' dir='ltr'><strong>carious</strong></span> <span class='ocrx_word' id='word_1_324' title='bbox 578 4143 673 4205; x_wconf 86' lang='lat' dir='ltr'><strong>subject</strong></span> <span class='ocrx_word' id='word_1_325' title='bbox 690 4145 715 4191; x_wconf 88' lang='lat' dir='ltr'><strong>in</strong></span> <span class='ocrx_word' id='word_1_326' title='bbox 732 4144 775 4192; x_wconf 84' lang='lat' dir='ltr'><strong>the</strong></span> <span class='ocrx_word' id='word_1_327' title='bbox 786 4143 954 4191; x_wconf 87' lang='lat' dir='ltr'><strong>introduction</strong></span> <span class='ocrx_word' id='word_1_328' title='bbox 966 4149 992 4191; x_wconf 89' lang='lat' dir='ltr'><strong>to</strong></span> 
     </span>
    </p>
   </div>
   <div class='ocr_carea' id='block_1_5' title="bbox 0 0 1826 4852">
    <p class='ocr_par' dir='ltr' id='par_1_5' title="bbox 0 0 1826 4852">
     <span class='ocr_line' id='line_1_36' title="bbox 0 0 1826 4852; baseline 0 0"><span class='ocrx_word' id='word_1_329' title='bbox 0 0 1826 4852; x_wconf 95' lang='lat' dir='ltr'><strong> </strong></span> 
     </span>
    </p>
   </div>
  </div>
 </body>
</html>
