3610 4852
371 525 433 584 234
801 538 989 583 cunarum
1006 538 1126 582 uanas
1387 539 1507 603 [nisum.
1520 539 1553 589 v.

370 705 538 791 pacificata
564 703 709 770 Pictavia
727 715 805 790 post
827 713 967 771 mortem
997 703 1084 769 illius
1109 703 1246 789 preclari
1263 704 1404 785 Patricii,
1419 705 1578 770 tenuerim

373 829 443 872 eam
459 816 493 872 et
507 809 547 872 ad
563 816 725 893 praecepta
741 829 799 871 sua
814 807 984 892 coegerim,
1000 829 1075 871 eum
1091 805 1154 870 dici
1170 806 1283 885 soleat,

632 937 690 987 Non
701 937 781 985 minor
791 941 829 985 est
839 935 917 984 virtus
928 950 1001 998 quam
1014 949 1122 999 querere
1133 939 1205 998 parta
1215 935 1304 984 tueri!

375 1041 510 1128 Semper
524 1052 632 1110 autem
648 1067 708 1130 ego
723 1043 851 1129 meique
869 1041 1002 1108 domino
1025 1063 1099 1107 meo
1123 1041 1262 1128 propriis
1286 1041 1498 1108 militavimus
1522 1042 1580 1107 sti·

374 1144 638 1232 pendiis,suaque
648 1145 742 1210 nobis
753 1145 903 1210 decenter
912 1143 1021 1208 oblata
1029 1143 1315 1227 resignavimus,et
1324 1143 1510 1228 ubicunque
1519 1167 1579 1208 nos

373 1249 502 1313 vocavit
513 1250 688 1313 necessitas
701 1247 825 1313 assilire
834 1247 887 1312 vel
897 1247 992 1326 tueri,
1003 1247 1124 1310 fuimus
1136 1245 1250 1331 primis
1261 1245 1395 1310 inomni
1406 1268 1581 1332 congressu

374 1349 497 1433 priores
509 1361 566 1416 aut
577 1363 663 1417 certe
673 1373 778 1437 pares.
823 1351 900 1416 Non
916 1359 1025 1414 autem
1040 1350 1110 1414 haec
1122 1350 1232 1414 credat
1247 1351 1279 1430 in
1296 1359 1348 1426 tot
1363 1361 1396 1415 et
1409 1351 1510 1415 tantis
1526 1372 1581 1415 ex·

376 1451 516 1518 aminata
525 1455 639 1519 militia
649 1454 786 1540 superbe
796 1453 847 1520 vel
856 1463 1042 1538 arroganter
1051 1474 1102 1516 me
1112 1451 1316 1522 vociferasse.
1341 1453 1406 1518 Sed
1415 1453 1581 1517 hominem

376 1555 494 1620 auditis
503 1567 739 1637 accusatum,et
747 1579 855 1622 coram
864 1555 983 1620 invidis
994 1555 1061 1619 suis
1070 1564 1105 1619 et
1114 1555 1348 1620 detractoribus
1358 1557 1438 1620 irate
1446 1557 1583 1642 loquen-

376 1666 455 1737 tem,
470 1659 537 1722 suis
553 1659 762 1724 extollentem
778 1679 812 1722 se
828 1656 951 1722 meritis
965 1679 1032 1721 non
1048 1655 1200 1744 superbe,
1211 1678 1279 1720 non
1294 1656 1335 1720 ad
1352 1656 1498 1742 gloriam,
1513 1679 1581 1721 non

376 1782 469 1839 vane,
479 1761 537 1826 sed
551 1771 589 1825 ut
602 1783 777 1846 provocem
789 1760 945 1846 palpones
961 1782 1069 1824 coram
1084 1759 1210 1844 positos
1222 1767 1256 1825 et
1270 1761 1341 1824 haec
1354 1760 1533 1840 audientes,
1544 1771 1583 1825 ut

377 1862 405 1926 si
419 1863 498 1947 quid
512 1863 634 1929 habent
649 1863 754 1928 meriti
768 1865 821 1928 vel
834 1884 919 1928 verae
932 1862 1096 1948 jactantiae
1111 1863 1216 1948 palam
1229 1862 1409 1928 edisserant
1423 1874 1457 1928 et
1471 1886 1531 1950 pro
1547 1887 1582 1930 se

376 1965 463 2030 bona
477 1989 549 2052 quae
571 1967 680 2052 negari
701 1967 922 2052 nonpossint
943 1967 1092 2052 allegent,
1108 1976 1165 2030 aut
1184 1975 1270 2032 certe
1294 1966 1453 2032 desistant
1468 1989 1525 2032 eos
1546 1968 1581 2032 in

376 2069 504 2134 occulto
525 2068 686 2155 persequi,
700 2091 782 2154 quos
806 2067 841 2133 in
867 2068 1040 2132 manifesto
1065 2067 1156 2153 sequi
1170 2068 1224 2132 vel
1246 2068 1357 2132 audire
1372 2069 1582 2134 formidant.”

378 2170 515 2235 Secutus
538 2180 589 2235 est
612 2171 710 2255 igitur
735 2169 914 2234 orationem
940 2169 1023 2234 hanc
1046 2191 1193 2232 murmur
1219 2169 1353 2244 multuS,
1376 2179 1410 2234 et
1433 2171 1580 2236 omnium

377 2273 487 2337 vultus
502 2272 715 2337 intendebant
738 2273 773 2336 in
787 2295 872 2337 eum.
918 2274 990 2336 Rex
1012 2282 1122 2336 autern
1147 2271 1201 2350 ait,
1217 2275 1239 2308 “
1250 2271 1386 2336 Justum
1410 2273 1486 2337 volo
1512 2273 1582 2338 fieri

373 2375 532 2461 judicium
549 2399 588 2441 ex
611 2377 661 2441 his
676 2399 749 2463 quae
774 2377 860 2440 dicta
885 2383 973 2454 sunt,
987 2385 1026 2438 ut
1041 2395 1101 2438 nec
1116 2396 1226 2439 amore
1240 2394 1299 2440 nec
1315 2375 1390 2439 odio
1405 2376 1579 2461 quicquam

378 2479 551 2545 definiatur
564 2481 722 2566 iniquum.
769 2479 935 2544 Memores
959 2488 1068 2542 autem
1094 2477 1129 2542 in
1154 2477 1217 2543 hoc
1243 2501 1321 2543 casu
1334 2501 1472 2544 vosoro
1500 2481 1582 2562 fieri,

378 2585 556 2667 quodcum
573 2584 714 2648 Parisids
736 2583 772 2647 in
794 2582 938 2668 hospitio
953 2603 1026 2647 meo
1042 2580 1194 2645 dominus
1210 2603 1302 2645 meus
1324 2582 1510 2648 Lodovicus
1525 2605 1582 2648 rex

379 2695 413 2750 et
428 2708 487 2772 ego
503 2687 773 2766 consedissemus,
789 2694 914 2750 astante
934 2684 1030 2748 nobis
1055 2683 1210 2768 pincerna
1224 2705 1308 2764 mco,
1324 2683 1433 2750 subito
1447 2686 1581 2751 domum

379 2787 543 2872 ingressus
558 2789 754 2853 Willielmus
777 2808 884 2851 comes
902 2785 1138 2871 Hyrundella,†
1153 2807 1265 2850 recens
1281 2809 1300 2850 a
1315 2786 1422 2851 reditu
1446 2788 1581 2853 Jerusa-

380 2890 455 2968 lem,
471 2912 567 2975 quem
582 2913 679 2955 nemo
694 2899 841 2954 nostrum
864 2890 989 2954 viderat
1013 2889 1153 2953 triennio
1168 2890 1343 2973 praeterito,
1358 2891 1454 2956 nobis
1477 2892 1583 2957 brevi-

380 3003 432 3056 ter
457 2993 602 3057 salutatis
624 2993 742 3079 pallam
768 2992 916 3056 villosam
950 3015 1045 3077 quam
1078 2991 1253 3056 sclaviuam
1284 2993 1456 3058 nominant
1487 2997 1583 3060 velox

382 3094 510 3181 abjecit,
526 3105 560 3160 et
572 3097 643 3161 vasi
657 3095 725 3162 vini
749 3095 880 3181 rapidus
903 3094 1044 3173 inhaesit,
1059 3096 1310 3181 pincernamque
1328 3098 1533 3179 renitentem,
1547 3108 1585 3163 ut

381 3209 451 3264 erat
474 3222 610 3285 magnus
636 3209 670 3264 et
693 3199 796 3278 fortis,
819 3198 963 3284 impulsu
990 3198 1116 3283 dejecit,
1131 3198 1330 3285 flectensque
1354 3222 1460 3285 genua
1475 3223 1582 3266 coram

382 3303 515 3368 domino
540 3325 614 3388 rege
641 3303 839 3367 Francorum
864 3299 1045 3379 subintulit,
1070 3301 1232 3366 ‘Domine
1258 3302 1304 3366 mi
1329 3323 1396 3384 rex,
1421 3304 1510 3389 quod
1532 3305 1585 3368 hic

381 3407 487 3492 agitur
501 3429 567 3472 non
586 3417 638 3472 est
652 3428 804 3472 excessus
830 3414 887 3469 aut
911 3403 1099 3469 reverentias
1124 3414 1240 3469 vestrae
1266 3416 1496 3492 contemptus3
1523 3407 1583 3472 scit

383 3511 535 3576 dominus
550 3533 642 3576 meus
657 3532 713 3575 rex
728 3509 816 3595 quod
832 3508 956 3592 dejure
973 3507 1178 3571 decessorum
1194 3529 1340 3573 meorum
1357 3509 1584 3595 pincernarum

382 3613 534 3699 princeps
561 3622 691 3676 sumet
720 3611 869 3696 primus3
906 3607 959 3672 hic
982 3618 1091 3672 autern
1117 3631 1214 3692 quem
1245 3609 1347 3695 dejeci
1372 3612 1584 3697 presumpsit

383 3725 567 3802 arroganter
594 3714 655 3780 sibi
678 3715 733 3800 jus
757 3735 866 3777 meum
887 3733 961 3776 cum
977 3711 1126 3790 detinuit,
1151 3713 1239 3797 quod
1255 3711 1413 3780 obtulisse
1428 3713 1584 3780 debuerat

328 3817 330 3822 ’
382 3843 450 3884 non
465 3819 599 3904 petenti.
653 3817 708 3882 Sic
723 3817 841 3881 ethaeo
856 3816 909 3879 ille
926 3815 1121 3878 Willielmus
1147 3824 1182 3904 et
1204 3839 1223 3879 a
1244 3825 1336 3904 tanta
1357 3816 1445 3881 curia
1464 3839 1582 3883 nomen

415 3955 431 3988 *¹
449 3955 524 4014 ovid,
536 3955 592 4004 Art.
605 3955 689 4002 Amat.
702 3955 727 4002 ii.
743 3953 782 4002 13.
998 3966 1070 4000 name
1085 3950 1107 3999 is
1124 3951 1181 4000 here
1196 3951 1260 4014 spelt
1276 3967 1355 4001 seems
1372 3957 1399 4001 to
1414 3957 1584 4002 eounmaanoe

414 4038 432 4095 †
447 4037 509 4085 This
521 4042 587 4084 must
600 4037 629 4084 be
639 4035 749 4084 william
766 4033 796 4082 de
809 4033 900 4093 Albini,
911 4034 966 4080 first
999 4033 1040 4081 the
1052 4033 1186 4081 derivatiou
1202 4033 1274 4094 given
1285 4033 1311 4082 in
1322 4034 1366 4082 the
1377 4033 1419 4082 old
1430 4049 1545 4085 romauce
1557 4035 1585 4084 ol

381 4117 432 4167 eorl
446 4117 474 4166 ol
488 4116 607 4166 Arundel.
647 4116 699 4164 'I'he
715 4129 767 4178 way
784 4113 809 4162 in
827 4113 906 4162 which
923 4115 965 4162 the
998 4113 1080 4173 Beris,
1089 4127 1117 4160 or
1128 4117 1154 4159 at
1165 4113 1226 4161 least
1234 4117 1260 4162 to
1268 4113 1510 4179 ahewalnowladge
1522 4117 1551 4166 ol'
1555 4118 1584 4166 it.
