3608 4862
817 555 1005 602 susurrat
1030 554 1151 598 manns
1381 553 1500 614 [nisena.
1515 553 1569 602 111.

670 827 718 890 De
733 823 958 888 contrarietate
976 819 1068 882 Porti
1083 824 1114 882 et
1131 816 1243 882 Lausi.
1281 816 1327 901 iij.

430 1025 559 1090 Laudet
572 1024 673 1089 lector
697 1031 731 1088 et
756 1031 843 1087 amet
866 1019 1003 1097 auditor,
1029 1017 1117 1103 quod
1145 1017 1282 1082 Galonis
1305 1025 1339 1082 et
1363 1016 1450 1082 Ssdii
1474 1039 1588 1082 serena

387 1127 484 1194 fuerit
498 1137 532 1192 et
557 1127 625 1192 sine
648 1125 735 1190 nube
759 1124 906 1202 societas,
933 1121 1154 1206 mirenturque
1177 1119 1261 1184 Parii
1284 1119 1404 1205 pariter
1429 1129 1463 1185 et
1487 1119 1587 1186 Lausi

388 1230 508 1296 nubem
535 1231 568 1294 in
593 1229 742 1294 amicitiis
769 1238 802 1294 et
825 1227 981 1292 fraudem.
1027 1225 1079 1288 De
1105 1223 1201 1290 corde
1223 1232 1300 1288 nata
1319 1223 1461 1290 Luciferi
1483 1225 1588 1310 prims

390 1333 527 1400 venitin
543 1334 653 1398 Deum
668 1331 790 1396 invidis
799 1331 903 1396 scelus
919 1351 997 1394 ausa
1012 1348 1210 1413 supremum,
1220 1335 1254 1391 et
1268 1327 1309 1391 de
1324 1325 1404 1392 coelo
1420 1327 1545 1412 dejecta
1554 1327 1587 1392 in

390 1438 528 1524 primam
544 1447 578 1502 et
592 1435 788 1520 praecipuam
804 1432 891 1498 orbis
906 1441 1032 1516 partem
1058 1429 1242 1516 paradisum
1267 1428 1406 1515 irrepsit,
1421 1429 1509 1494 uode
1525 1430 1590 1494 ric-

389 1540 452 1604 trix
478 1550 512 1605 et
536 1539 622 1604 victa
641 1538 772 1604 detrusa
793 1535 944 1621 quicquid
959 1544 1050 1600 extra
1063 1533 1183 1619 reperit
1196 1533 1343 1618 explorat
1356 1540 1391 1598 et
1412 1533 1591 1618 magnificae

392 1663 515 1708 memor
544 1641 686 1705 nationis
715 1659 915 1724 quaecunque
945 1638 1096 1703 deorsum
1125 1635 1215 1702 ridet
1249 1636 1397 1722 despicit,
1429 1659 1527 1723 supra
1556 1659 1591 1702 se

391 1753 526 1809 conatus
556 1743 650 1827 erigit
675 1751 709 1808 et
733 1741 925 1827 degenerare
951 1740 1128 1826 dedignans
1152 1739 1318 1825 superiora
1339 1761 1467 1825 semper
1485 1751 1591 1806 atten-

391 1857 450 1927 tat,
466 1856 619 1931 tanquam
639 1844 792 1930 gradibus
810 1844 945 1910 ulterius
963 1854 997 1908 et
1019 1843 1155 1908 ulterius
1175 1842 1318 1908 ascensis
1336 1845 1508 1929 repatriare
1522 1866 1590 1909 nou

391 1950 551 2034 desperet.
596 1949 710 2012 Parem
727 1970 761 2012 se
777 1949 855 2013 facit
868 1947 1020 2012 omnibus
1032 1957 1066 2011 et
1077 1947 1286 2025 conformem,
1302 1967 1376 2010 cum
1392 1946 1436 2011 sit
1449 1946 1591 2032 impetus

390 2054 461 2137 ejus
476 2052 509 2116 in
525 2051 686 2136 impares3
708 2073 784 2116 nom
795 2072 922 2136 semper
936 2051 971 2114 in
986 2049 1167 2135 superiores
1182 2048 1330 2134 insurgit.
1373 2049 1437 2114 Est
1456 2049 1591 2116 enimin

391 2155 527 2222 modicis
541 2177 652 2241 parra,
665 2153 813 2220 sublimis
825 2152 859 2221 in
875 2152 959 2233 altis,
973 2153 1007 2218 in
1023 2151 1152 2238 tugurio
1167 2173 1300 2237 pauper,
1311 2150 1347 2216 in
1357 2152 1478 2237 palatio
1490 2152 1591 2217 dives.

390 2259 516 2324 Vitium
540 2257 709 2344 quodlibet
733 2257 933 2342 proscriptos
957 2254 1076 2319 habere
1091 2254 1218 2320 videtur
1243 2254 1368 2339 aliquos
1394 2255 1478 2319 lines
1490 2280 1500 2334 3
1522 2256 1592 2320 baec

392 2385 505 2428 omnes
520 2371 623 2428 metas
635 2360 771 2440 excedit,
786 2369 820 2424 et
834 2358 923 2445 quod
936 2358 971 2422 in
986 2357 1100 2422 mundi
1115 2366 1244 2422 tenetur
1254 2357 1401 2422 terminis
1410 2357 1593 2437 intabescit,

391 2465 530 2531 inomni
546 2465 612 2530 vita
626 2472 730 2544 terras,
751 2462 861 2542 maris,
875 2472 910 2527 et
931 2461 1012 2526 aeris
1034 2460 1224 2546 pestilenter
1245 2459 1416 2540 inhabitat,
1435 2471 1474 2526 ut
1495 2464 1592 2527 etiam

391 2567 493 2634 vermi
507 2567 627 2633 vermis
647 2566 791 2632 invidere
815 2564 917 2646 sciat3
943 2563 1095 2648 quicquid
1118 2562 1298 2628 seeundum
1321 2564 1437 2628 melius
1462 2565 1515 2630 rel
1538 2566 1594 2630 de-

391 2672 492 2738 terius
506 2670 541 2734 in
555 2668 623 2735 vita
637 2668 753 2734 dicitur
768 2669 880 2748 inficit,
895 2677 929 2734 et
943 2667 984 2733 ab
999 2667 1142 2734 inferiori
1157 2676 1307 2752 suscepta
1322 2667 1469 2753 superius
1490 2668 1594 2756 impe-

392 2777 443 2852 tit,
458 2783 579 2839 etcum
596 2770 713 2836 obtusa
728 2771 771 2836 sit
785 2771 819 2836 in
842 2772 951 2836 Deum
967 2771 1084 2836 audere
1099 2769 1250 2836 sublimis
1264 2791 1400 2856 quaeque
1415 2772 1507 2856 quasi
1522 2793 1593 2858 quae

393 2879 466 2942 Deo
481 2876 629 2960 proxima
650 2873 812 2954 videntur,
826 2873 1016 2960 blasphema
1034 2872 1188 2960 decerpit,
1210 2873 1281 2939 ooeli
1306 2874 1440 2959 dejecta,
1454 2876 1593 2961 paradisi

392 2979 538 3065 profuga,
562 2976 668 3061 primo
698 2976 868 3042 nobiscum
890 2978 1043 3057 exulavit,
1066 2987 1101 3043 et
1123 2977 1157 3041 in
1181 2977 1309 3043 modico
1334 2977 1396 3042 sibi
1418 2980 1458 3044 de
1480 2990 1594 3046 nostro

394 3080 531 3166 patriam
562 3079 640 3144 fecit
670 3079 777 3145 exilio.
823 3081 905 3146 Haee
929 3081 1078 3168 auperbae
1107 3080 1224 3146 solium
1251 3080 1429 3168 Babylonis
1451 3082 1595 3168 ingressa

394 3185 533 3248 latenter
546 3203 654 3268 regem
673 3183 743 3269 ejus
770 3183 896 3248 Ninum
920 3183 955 3248 iu
982 3183 1117 3270 singulis
1143 3184 1341 3249 invidiosum
1362 3184 1498 3269 invenit,
1513 3187 1595 3252 invi-

396 3289 474 3352 dum
490 3287 640 3366 reddidit,
655 3295 689 3351 et
704 3285 758 3372 qui
772 3287 877 3352 luerat
892 3286 979 3352 orbis
995 3296 1119 3352 amator
1133 3296 1166 3352 et
1180 3309 1244 3372 pax
1265 3287 1300 3351 in
1323 3288 1435 3353 odium
1449 3289 1595 3373 ejusdem

395 3389 550 3478 pervertit
565 3398 599 3452 et
613 3388 776 3468 malleum,
791 3388 832 3452 de
847 3389 940 3473 cujus
958 3387 1118 3453 tirannide
1130 3411 1227 3474 quam
1241 3389 1350 3456 invide
1365 3391 1444 3456 satis
1454 3393 1597 3460 exercuit

395 3504 429 3560 et
439 3493 555 3579 cupide
565 3501 677 3558 contra
686 3490 854 3570 finitimos,
863 3491 965 3576 liquet
974 3491 1007 3555 in
1018 3490 1204 3558 auctoribus
1216 3517 1226 3572 3
1242 3493 1378 3560 sedhoec
1389 3516 1461 3580 quae
1471 3495 1597 3561 Ninum

394 3597 608 3674 interfecerat,
625 3599 707 3662 duos
733 3595 804 3680 ejus
830 3593 997 3680 indignata
1020 3594 1233 3660 cubicularios
1259 3596 1379 3662 amicos
1401 3597 1541 3664 invicem
1564 3607 1599 3664 et

393 3721 452 3786 per
474 3699 583 3764 omnia
600 3699 776 3764 concordes
795 3699 939 3764 Lausum
966 3707 1001 3762 et
1025 3697 1166 3780 Parium,
1186 3699 1329 3784 eoquod
1350 3711 1462 3766 essent
1482 3725 1503 3767 a
1525 3723 1597 3788 rege

394 3803 501 3890 primi,
523 3802 644 3887 placuit
665 3803 695 3866 ei
717 3811 793 3889 post
807 3802 917 3888 ipsum
939 3823 995 3868 eos
1018 3811 1172 3883 evertere,
1187 3811 1221 3868 et
1235 3803 1310 3888 quis
1323 3805 1441 3891 potiori
1458 3829 1524 3872 non
1539 3829 1599 3893 po-

395 3907 459 3970 tuit
472 3905 575 3992 pejori
590 3907 700 3971 l'ucum
713 3927 780 3970 suae
790 3905 1025 3972 maledictionis
1033 3905 1183 3973 affricuit.
1229 3907 1360 3973 Invidet
1371 3931 1446 3994 ergo
1461 3909 1598 3975 latenter

394 4010 504 4074 Lauso
515 4009 637 4089 Parius,
649 4010 741 4094 justo
751 4031 902 4096 nequam,
912 4010 983 4075 miti
996 4031 1177 4095 perversus,
1188 4019 1223 4076 et
1233 4011 1425 4077 &comtibus
1435 4012 1597 4079 obseoenis

394 4110 517 4175 insistit
541 4111 686 4196 pervigil,
702 4112 877 4196 quomodo,
893 4115 1032 4199 quande,
1054 4136 1117 4199 qus
1142 4115 1247 4200 possit
1269 4125 1337 4182 arte
1363 4137 1490 4199 nocere,
1511 4115 1600 4203 quic-
