3608 4862
362 519 404 580 96
757 563 761 571 -
794 535 983 583 asserens
1007 533 1128 581 unare
1375 535 1494 598 [ursone
1508 537 1545 587 11.

357 701 510 786 juvenem
526 701 653 766 illarum
668 701 809 788 partium
823 701 1110 788 elegantissimum,
1123 685 1404 781 famapnobilitate
1422 721 1562 782 morum,

359 804 496 888 generis,
507 813 542 868 et
555 805 679 884 formae,
694 815 845 891 statuque
860 827 968 870 rerum
984 815 1018 870 et
1032 824 1180 890 persone
1195 801 1429 882 felicissimum,
1439 804 1562 869 somni·

359 931 431 974 asse
446 909 534 993 quod
549 930 622 972 oum
638 909 710 994 ipsa
723 931 792 974 rem
807 909 985 974 habuisset.
1030 907 1190 972 Delusum
1200 927 1235 970 se
1251 905 1330 970 dicit
1343 927 1410 985 rex,
1420 916 1454 970 et
1467 908 1560 993 quasi

361 1013 401 1076 de
412 1034 447 1076 re
457 1011 613 1076 veraciter
621 1022 692 1077 acta
704 1013 935 1093 stomachatur,
944 1011 1045 1091 dolet,
1057 1019 1091 1076 et
1102 1011 1178 1076 dolo
1191 1010 1437 1094 comprehendit
1445 1011 1561 1075 innox-

358 1117 439 1195 ium,
454 1125 488 1180 et
502 1115 530 1179 si
544 1137 611 1179 non
626 1114 736 1180 obstet
749 1115 929 1181 reverentia
943 1123 1115 1201 parentum
1130 1123 1164 1178 et
1182 1113 1281 1179 timor
1297 1113 1431 1178 ultionis
1451 1113 1558 1199 ipsum

359 1217 553 1286 cruciatibus
568 1217 689 1303 affliget
702 1219 744 1282 ad
758 1227 910 1284 mortem.
955 1217 1004 1282 Ut
1017 1217 1117 1283 moris
1133 1225 1193 1296 est,
1208 1216 1324 1281 vadem
1340 1238 1376 1281 se
1390 1216 1485 1282 offert
1498 1240 1558 1304 pro

352 1323 473 1409 juvene
488 1330 558 1385 tota
569 1322 731 1406 cognatio,
745 1331 779 1386 et
790 1342 902 1386 cavere
914 1321 1037 1406 judicio
1054 1320 1137 1385 sisti.
1182 1319 1260 1405 Ipse
1275 1328 1382 1404 negat,
1395 1329 1430 1384 et
1439 1320 1557 1406 judici-

357 1449 415 1490 um
430 1423 540 1489 statim
554 1424 624 1489 fieri
639 1425 731 1511 petit.
784 1425 920 1510 Repulsi
935 1424 975 1490 de
990 1423 1120 1510 repulsa
1134 1431 1321 1508 queruntur,
1336 1433 1370 1488 et
1381 1424 1459 1488 dum
1471 1435 1559 1491 tene-

357 1538 412 1593 tur
439 1527 475 1592 in
496 1527 636 1592 vinculis
665 1527 843 1592 vindictam
873 1528 1038 1592 differunt.
1085 1525 1187 1591 Multi
1216 1524 1258 1590 ad
1283 1526 1443 1611 judicium
1473 1549 1558 1614 saepe

359 1629 561 1696 conveniunt
575 1639 645 1694 tum
657 1631 754 1716 jussu
768 1631 936 1716 principis,
950 1640 1022 1696 tum
1037 1629 1167 1695 alterius
1188 1628 1378 1694 invitatione
1392 1631 1504 1715 partis,
1526 1641 1559 1696 et

356 1734 392 1798 in
408 1733 497 1798 omni
513 1741 682 1797 contractu
697 1733 813 1799 defecti
832 1734 941 1820 plures
961 1733 1116 1798 invocant
1136 1733 1350 1819 undequaque
1369 1734 1558 1819 prudentes.

356 1837 503 1903 Tandem
517 1858 621 1900 unum
635 1836 812 1901 consulunt
826 1859 921 1922 quem
937 1837 1024 1901 fama
1041 1836 1204 1902 faciebant
1225 1836 1435 1922 praecipuum,
1456 1846 1489 1902 et
1506 1858 1558 1902 res

359 1963 426 2005 non
446 1939 565 2019 minus,
586 1939 704 2025 quibus
722 1939 787 2020 ilie,
810 1944 833 1978 “
846 1940 976 2006 Judicia
999 1949 1093 2005 terroe
1115 1950 1235 2004 nostrae
1255 1939 1346 2025 sequi
1365 1948 1506 2025 oportet,
1525 1949 1560 2006 et

358 2065 430 2130 quae
453 2051 637 2108 statuerunt
664 2052 773 2128 patres
802 2053 964 2130 praecepta
992 2042 1151 2130 longaque
1175 2043 1410 2108 consuetudine
1433 2043 1559 2108 firmata

357 2154 445 2225 sunt,
467 2146 556 2211 nulla
577 2145 742 2233 possimus
764 2147 889 2212 ratione
908 2147 1083 2213 destruere.
1127 2146 1308 2231 Sequemur
1327 2168 1394 2226 eos,
1409 2155 1443 2212 et
1467 2157 1558 2211 ante·

356 2273 452 2336 quarn
462 2249 496 2313 in
506 2250 702 2315 contrarium
713 2250 841 2315 decreta
851 2250 972 2315 ducent
980 2249 1110 2335 publica
1122 2249 1204 2314 nihil
1214 2271 1337 2314 novum
1345 2250 1556 2336 proferamus.

356 2353 409 2418 Ab
429 2352 662 2438 antiquissimis
680 2355 921 2440 promulgatum
936 2363 987 2418 est
1005 2353 1177 2435 institutis,
1193 2353 1301 2438 utqui
1323 2353 1408 2438 regis
1431 2353 1555 2419 Wsllioe

356 2456 500 2542 reginam
515 2456 673 2540 adulterio
688 2457 919 2542 deturpaverit,
935 2457 1023 2522 mille
1039 2455 1153 2521 solutis
1168 2457 1236 2541 regi
1250 2456 1356 2522 vaccis
1374 2465 1489 2522 caetera
1507 2457 1557 2521 in-

356 2560 483 2625 demnis
508 2559 590 2625 liber
613 2559 724 2626 abibit.
777 2562 831 2626 De
849 2559 1006 2624 uxoribus
1029 2559 1177 2626 similiter
1195 2559 1380 2646 principum
1402 2569 1436 2625 et
1468 2581 1554 2645 mag·

356 2672 468 2728 natum
492 2684 758 2749 quorumcunque
774 2663 953 2727 secundum
969 2663 1169 2748 singulorum
1185 2662 1357 2748 dignitates
1380 2663 1556 2728 constituta

354 2774 511 2851 estpoena
523 2765 583 2829 sub
593 2777 682 2831 certo
697 2768 865 2830 numero*
903 2765 972 2831 Iste
987 2775 1156 2831 accusatur
1167 2765 1209 2830 de
1222 2765 1350 2832 somnio
1363 2766 1553 2832 concubitus

355 2889 431 2932 curn
445 2866 565 2960 regina,
581 2889 640 2933 nec
656 2867 818 2932 inficiatur
837 2868 878 2934 de
895 2869 1031 2934 veritate
1051 2869 1194 2934 criminis
1215 2871 1373 2935 confessa.
1420 2869 1553 2935 Certum

356 2980 408 3036 est
434 2970 523 3054 quod
552 2970 639 3035 mille
662 2993 769 3035 vaccae
794 2971 958 3038 darentur.
1002 2973 1055 3037 De
1086 2973 1213 3038 somnio
1243 2974 1359 3037 damus
1385 2973 1554 3058 judicium,

355 3074 444 3159 quod
455 3073 586 3160 juvenis
600 3073 653 3139 hio
667 3074 755 3140 mille
770 3097 883 3140 vaccas
897 3075 933 3140 in
948 3085 1126 3161 conspectu
1139 3075 1223 3162 regis
1239 3098 1337 3162 super
1351 3077 1455 3162 ripam
1468 3086 1553 3161 stag·

355 3176 391 3240 ni
416 3175 456 3240 de
482 3176 666 3241 Behthenio
688 3186 809 3242 statuat
829 3177 864 3242 in
886 3177 1011 3257 ordine,
1025 3178 1094 3242 sole
1116 3178 1256 3257 lucente,
1274 3188 1313 3242 ut
1336 3178 1403 3242 sint
1428 3179 1552 3244 umbrae

355 3281 551 3366 singularum
563 3280 599 3344 in
610 3303 702 3367 aqua,
712 3290 746 3346 et
760 3282 827 3346 sint
836 3281 961 3347 umbrae
972 3281 1067 3366 regis,
1078 3303 1184 3346 vaccae
1193 3303 1270 3347 vero
1281 3283 1374 3368 cujus
1385 3291 1472 3364 ante,
1481 3305 1555 3348 cum

354 3385 399 3450 sit
421 3383 585 3448 somnium
606 3385 751 3450 veritatis
772 3385 920 3450 umbru.’'
965 3384 1156 3470 Approbata
1179 3397 1229 3450 est
1250 3385 1291 3449 ab
1312 3385 1465 3450 omnibus
1483 3408 1554 3451 sen·

353 3487 456 3557 tentia
469 3487 540 3552 hoeo
554 3498 588 3553 et
602 3487 784 3553 executioni
799 3489 961 3568 mandata,
975 3489 1052 3554 licet
1066 3489 1258 3575 objurgante
1273 3489 1444 3564 Luelino.†

384 3674 401 3708 ¹⁸
416 3675 470 3725 The
481 3676 568 3725 Wciah
579 3676 638 3725 lawa
648 3675 720 3725 make
731 3674 774 3724 the
785 3675 834 3724 fine
845 3674 885 3723 sor
896 3689 935 3724 re·
969 3674 1054 3724 feneas
1064 3689 1128 3724 rrera
1138 3680 1165 3724 to
1176 3673 1208 3724 be
1218 3675 1285 3739 paid.

351 3757 443 3820 duciug
453 3758 495 3807 the
506 3758 589 3822 king’a
600 3759 656 3808 wite
669 3757 807 3807 ahuudred
818 3772 883 3806 cona
897 3757 936 3805 for
1000 3757 1017 3816 †
1033 3757 1095 3807 This
1110 3762 1178 3822 story
1195 3758 1240 3807 has
1260 3758 1322 3808 been
1344 3758 1460 3822 repeated
1477 3759 1555 3808 under

352 3837 527 3890 mhcmuet.
572 3840 644 3889 Corra
668 3853 732 3888 urere
754 3840 797 3888 the
819 3853 935 3887 common
968 3839 1178 3898 differentiorma,
1191 3839 1553 3904 andnithdiffereutappiica·

351 3919 438 3969 article
457 3921 516 3970 with
533 3921 612 3972 which
632 3923 693 3972 tinas
707 3921 746 3971 ior
765 3921 879 3970 different
896 3919 934 3970 oi·
967 3921 1045 3980 tione,
1055 3937 1089 3985 up
1100 3925 1127 3971 to
1138 3937 1185 3972 our
1194 3937 1249 3972 own
1258 3921 1326 3986 days.
