3610 4852
813 569 1001 614 eoanrsnr
1026 569 1147 611 uaeas
1399 565 1521 628 [natine.
1534 565 1567 612 v.

705 754 797 803 Gauter
808 755 943 817 vendeuge
956 759 981 803 et
992 754 1107 802 Buchard
1118 768 1201 817 grapa,

705 837 739 884 Et
750 837 898 884 Willielmua
910 837 940 884 de
952 837 1054 898 Gurney
1065 835 1128 898 hapa
1139 853 1146 892 ς

706 919 787 966 Lowis
799 923 872 981 prent
884 934 931 981 que
943 933 989 981 que
1001 919 1040 966 lar
1053 933 1149 979 escape.

425 1058 575 1122 Carmine
590 1056 754 1142 publicato
770 1067 942 1122 senserunt
964 1055 1010 1120 illi
1033 1058 1119 1121 furta
1134 1054 1250 1140 detegi,
1267 1053 1479 1118 conscientias
1494 1075 1585 1118 reve·

379 1159 458 1238 lari3
482 1159 654 1223 doluerunt
677 1159 774 1243 igitur
799 1169 832 1223 et
856 1159 888 1221 in
916 1158 1072 1222 ultionem
1097 1155 1222 1234 armati,
1246 1176 1445 1240 quaeeunque
1467 1177 1585 1222 nocere

381 1272 520 1347 possunt
534 1263 567 1327 in
582 1263 689 1346 ipsum
706 1271 894 1345 congerunt,
908 1261 1103 1324 insidiantur
1129 1269 1162 1323 et
1187 1280 1277 1322 reum
1294 1258 1359 1342 regi
1374 1258 1535 1336 deferunt,
1551 1267 1585 1321 et

382 1388 454 1430 curn
485 1365 594 1451 ipsum
622 1365 808 1450 frequenter
837 1373 1001 1442 moveant,
1031 1386 1050 1427 a
1079 1362 1192 1448 pietati
1222 1370 1385 1426 amovent.
1431 1361 1585 1424 Matrona

381 1466 513 1530 tandem
538 1467 685 1550 quaedam
711 1465 830 1530 nobilis
848 1476 884 1530 et
908 1465 1079 1542 ditissima,
1098 1464 1154 1528 sed
1180 1464 1275 1527 famae
1300 1461 1442 1541 lubricae,
1464 1483 1581 1548 magno

382 1590 515 1633 rancore
530 1568 696 1652 multaque
708 1568 859 1653 superbia
874 1568 1087 1646 debacchans,
1102 1575 1261 1630 astantem
1278 1565 1345 1650 regi
1359 1564 1583 1630 Waleranium

383 1671 564 1750 accusabat,
594 1672 682 1755 quod
719 1671 759 1735 de
790 1693 824 1735 se
855 1671 1058 1735 Waleranius
1089 1671 1146 1734 sed
1176 1679 1210 1733 et
1240 1669 1281 1732 de
1316 1691 1391 1752 rege
1421 1678 1585 1733 cantasset

383 1773 535 1838 obscoena
559 1771 711 1836 carmina.
755 1773 825 1835 Rex
850 1783 957 1836 autem
978 1773 1053 1836 inde
1073 1781 1183 1837 motus
1199 1771 1254 1850 ait,
1270 1776 1292 1806 “
1304 1770 1497 1849 Galeranne,
1513 1793 1586 1834 mea

383 1877 451 1940 fero
465 1875 626 1960 patienter
641 1873 824 1959 opprobria,
840 1875 897 1940 sed
911 1876 1009 1960 hujus
1024 1874 1272 1958 consanguineae
1286 1896 1367 1938 meoe
1382 1873 1586 1937 dissimulare

383 2001 451 2042 non
478 1977 580 2056 decet,
607 1999 681 2041 curn
710 1977 782 2062 ipsa
809 1978 940 2062 sanguis
965 1999 1057 2041 meus
1084 1977 1137 2055 sit,
1169 1985 1203 2040 et
1231 1999 1333 2040 unum
1363 1975 1583 2041 membrorum

384 2081 564 2145 meorum.''
608 2080 791 2164 Respondit
807 2079 1034 2157 Gallerannus‚
1050 2084 1071 2117 “
1082 2080 1144 2143 hoc
1158 2080 1329 2144 herniosus
1352 2101 1386 2144 es
1405 2080 1584 2159 membro,'’

384 2183 471 2267 quod
486 2182 620 2245 facetius
636 2181 760 2245 Gallice
776 2181 903 2259 dicitur,
917 2185 967 2245 Dc
982 2189 1045 2245 cest
1056 2182 1187 2245 membre
1203 2189 1286 2245 ear-ta
1297 2183 1467 2264 Μαράφιοι.
1514 2183 1585 2246 Rex

384 2295 417 2349 et
439 2286 502 2350 hoc
528 2283 627 2348 verbo
652 2306 687 2347 se
711 2294 895 2348 reverenter
923 2284 1046 2348 habuit.
1093 2284 1249 2348 Riserunt
1273 2284 1337 2362 alii,
1364 2283 1420 2347 sed
1443 2285 1516 2369 ipsa
1549 2307 1584 2349 se

385 2389 521 2453 derisam
543 2388 655 2451 dolens
677 2388 798 2466 intulit,
821 2387 995 2451 “Domine
1019 2409 1086 2464 rex,
1107 2389 1233 2452 dimitte
1260 2388 1340 2451 mihi
1354 2389 1531 2452 vindictam
1548 2400 1586 2453 ut

384 2514 506 2557 morem
522 2491 552 2555 ei
566 2513 684 2575 gerem.
729 2490 817 2554 Novi
844 2490 922 2554 satis
948 2512 1012 2575 qua
1038 2491 1214 2554 mulctandi
1241 2502 1319 2555 sunt
1334 2491 1457 2557 ultione
1472 2493 1583 2572 mimi3

384 2605 450 2659 tres
465 2594 494 2658 ei
510 2615 642 2678 queram
664 2593 860 2672 meretrices,
876 2614 1012 2677 quarum
1027 2592 1159 2656 verbere
1180 2615 1240 2657 suo
1266 2615 1355 2658 more
1379 2594 1585 2680 castigetur.''

383 2699 468 2762 'lum
483 2697 709 2775 Walerannus,
733 2691 917 2774 “Domina',
942 2694 1025 2760 bene
1051 2696 1224 2780 perfecisti,
1240 2719 1316 2760 nam
1342 2697 1404 2761 nisi
1429 2698 1502 2762 duae
1526 2698 1586 2763 tibi

385 2801 534 2864 desunt.''
578 2802 662 2864 Tum
684 2800 739 2863 illa
762 2820 836 2863 cum
859 2799 1031 2884 lachrymis
1047 2800 1104 2862 has
1120 2799 1273 2862 vindicari
1297 2799 1380 2884 petit
1393 2800 1537 2884 injurias,
1554 2811 1586 2866 et

385 2913 450 2966 tres
475 2903 522 2966 illi
546 2925 628 2987 quos
652 2903 832 2966 offenderat
858 2925 932 2966 suas
958 2902 1116 2987 adjiciunt
1141 2903 1287 2986 querelas
1316 2913 1350 2966 et
1378 2904 1587 2988 proscribunt

386 3005 550 3068 miserum.
608 3004 810 3068 Galerannus
853 3005 951 3088 igitur
987 3004 1028 3068 ad
1069 3005 1238 3068 dominum
1279 3015 1440 3084 nostrum,
1476 3028 1585 3091 regem

386 3107 508 3170 scilicet
536 3107 672 3192 anglia,
702 3107 856 3191 confugit,
888 3118 922 3171 et
952 3106 1090 3192 benigne
1121 3116 1291 3192 susceptus
1314 3118 1374 3172 est.
1419 3109 1584 3173 Walterus

383 3209 514 3273 interim
530 3209 644 3272 domos
656 3209 726 3292 ejus
741 3208 868 3293 dejecit,
881 3209 989 3273 vineas
1005 3209 1133 3288 evulsit,
1149 3208 1287 3294 virgulta
1303 3210 1474 3289 subvertit,
1491 3233 1584 3296 sepes

383 3312 563 3398 dissipavit,
590 3313 699 3376 omnia
725 3312 895 3376 destruxit.
939 3312 1103 3376 Dominus
1129 3322 1238 3376 autem
1264 3323 1377 3378 noster
1404 3313 1456 3378 bis
1482 3315 1584 3379 literis

383 3417 462 3496 suis,
476 3427 527 3480 ter
541 3439 596 3480 ore
611 3416 754 3500 proprio,
771 3415 940 3478 dominum
966 3413 1170 3478 Lodovicum
1192 3424 1320 3498 petens,
1336 3437 1402 3478 non
1419 3424 1472 3479 est
1487 3437 1585 3479 exau-

382 3521 470 3584 ditus
485 3529 523 3583 ut
536 3520 768 3584 restitueretur.
812 3517 937 3582 Videns
952 3517 1049 3601 igitur
1059 3538 1093 3580 se
1106 3516 1334 3581 Wallerannus
1349 3518 1471 3581 nullius
1485 3519 1586 3582 inter-

382 3623 527 3688 cessione
552 3641 650 3706 posse
673 3622 811 3700 restitui,
838 3623 913 3706 quia
938 3619 1140 3685 Lodovicum
1167 3619 1348 3704 piissimum
1377 3633 1522 3702 noverat,
1545 3624 1585 3688 ad

382 3726 512 3811 pietatis
533 3727 603 3810 ejus
626 3726 744 3790 auxilia
758 3725 915 3809 confugit,
939 3734 973 3786 et
987 3723 1116 3808 regibus
1137 3723 1300 3807 predictis
1327 3724 1585 3808 colloquentibus

382 3829 415 3891 in
437 3850 551 3913 campo
577 3829 729 3907 maximo,
754 3829 982 3893 circumstante
1010 3826 1113 3890 multa
1148 3847 1268 3890 corona
1296 3827 1447 3907 militum,
1473 3840 1586 3894 nostro

382 3953 455 4014 rege
475 3933 680 4017 praemunito,
702 3931 793 3996 venit
816 3929 1034 3994 Walerannus
1057 3929 1204 3994 insidens
1230 3951 1315 4014 equo
1339 3932 1468 3997 modico
1495 3933 1585 4018 nigro

381 4033 547 4118 macieque
562 4033 708 4112 deformi,
723 4032 779 4096 vili
794 4032 890 4096 nimis
914 4033 948 4095 in
971 4030 1096 4110 habitu,
1112 4032 1286 4118 fractisque
1309 4043 1472 4099 vetustate
1487 4034 1586 4100 vesti·

381 4137 455 4215 bus,
478 4136 586 4199 hircus
613 4145 646 4199 et
668 4135 791 4215 illotus,
814 4135 894 4220 ipsis
920 4133 1095 4200 calcaribus
1121 4157 1139 4198 a
1165 4135 1230 4199 talo
1258 4135 1529 4222 dependentibus,
1552 4138 1584 4202 in
