3610 4852
401 519 462 576 196
825 535 1013 578 ousnrnnr
1037 533 1158 578 uanas
1417 531 1537 594 [noune.
1552 531 1583 582 V.

400 694 576 769 praesentes
591 707 668 750 vero
685 686 830 752 Caesares
854 709 951 754 nemo
974 686 1129 772 loquitur,
1144 705 1256 749 eorum
1278 694 1388 748 tamen
1403 705 1510 748 mores
1525 706 1599 749 cum

399 790 599 869 fortitudine,
614 791 837 876 temperantia,
853 801 887 855 et
910 791 1056 856 omnium
1080 789 1291 854 admiratione
1313 799 1433 874 praesto
1458 797 1537 852 sunt
1559 787 1600 852 ad

400 894 570 957 calamum.
613 894 798 958 Alexander
824 894 964 958 Macedo
991 893 1117 958 subacti
1142 891 1205 956 sibi
1234 891 1347 955 mimdi
1385 891 1599 956 calumniatus

402 997 577 1081 angustias,
591 997 662 1062 viso
678 998 810 1061 tandem
825 997 961 1062 Achillis
977 996 1103 1061 tumulo
1119 995 1284 1080 suspirans
1303 995 1358 1073 ait,
1371 1000 1392 1031 “
1405 995 1545 1059 Felicem
1556 1005 1601 1072 te,

397 1099 538 1182 juvenis,
558 1101 614 1184 qui
628 1109 720 1164 tanto
737 1099 853 1164 frueris
873 1121 1021 1184 praecone
1043 1098 1232 1163 meritorum
1243 1099 1276 1178 ;”
1300 1098 1482 1162 Homerum
1501 1097 1596 1162 intel-

401 1203 514 1286 ligens.
559 1202 624 1267 Hic
660 1225 797 1288 magnus
826 1203 1010 1267 Alexander
1036 1202 1116 1266 mihi
1142 1201 1234 1266 testis
1259 1210 1322 1280 est,
1350 1200 1439 1286 quod
1459 1200 1599 1266 multum

402 1306 579 1369 secundum
608 1306 802 1390 scriptorum
817 1305 933 1369 vivunt
954 1303 1265 1388 interpretationem,
1275 1303 1459 1388 quicunque
1475 1324 1600 1367 merue-

401 1417 478 1473 runt
491 1409 576 1472 inter
590 1409 739 1474 homines
754 1409 862 1474 vivere
882 1416 959 1494 post
982 1417 1132 1473 mortem.
1176 1407 1242 1472 Sed
1257 1405 1335 1492 quid
1350 1404 1410 1470 tibi
1424 1405 1600 1471 voluerunt

400 1511 577 1576 Alexandri
601 1512 760 1597 suspiria?
783 1512 935 1596 plangere
952 1521 1037 1575 certe
1053 1533 1112 1574 sua
1125 1510 1241 1575 merita
1256 1531 1328 1594 quoe
1344 1531 1461 1594 magno
1477 1508 1599 1595 indige·

400 1611 480 1675 bant
497 1621 606 1698 poeta,
621 1633 662 1676 ne
677 1613 783 1697 ipsum
801 1633 951 1696 suprema
966 1611 1034 1676 dies
1050 1621 1156 1676 totum
1179 1611 1392 1696 extingueret.
1437 1611 1502 1676 Sed
1526 1610 1598 1696 quis

399 1714 517 1778 audeat
532 1715 702 1799 quicquam
716 1716 802 1800 quod
818 1715 915 1779 hodie
926 1715 984 1778 fiat
998 1714 1206 1800 impaginare,
1215 1724 1273 1778 aut
1285 1714 1338 1778 vel
1348 1713 1479 1779 nomina
1488 1724 1599 1778 nostra

400 1816 559 1880 scribere?
584 1817 681 1881 Certe
695 1817 722 1880 si
740 1817 930 1894 Henricum,
944 1817 997 1883 vel
1013 1817 1205 1896 Gauterum,
1216 1817 1268 1881 vel
1279 1817 1376 1880 etiam
1387 1825 1481 1880 tuum
1495 1816 1598 1901 ipsius

400 1917 513 2003 aliquis
529 1941 648 1984 nomen
671 1941 776 1983 novus
791 1921 954 1985 character
976 1920 1188 1985 subnotatum
1207 1920 1405 2006 praestiterit,
1426 1919 1599 2004 vilipendis

399 2030 433 2085 et
447 2021 543 2100 rides,
558 2032 592 2086 at
606 2045 672 2087 non
688 2044 799 2088 corum
814 2023 907 2103 vitio,
921 2033 954 2089 et
968 2023 1093 2087 utinam
1108 2045 1175 2088 non
1190 2033 1258 2088 tuo.
1304 2023 1403 2089 Quod
1425 2023 1452 2086 si
1471 2022 1600 2086 Hanni·

399 2121 515 2202 belem,
541 2123 593 2188 vel
623 2124 870 2204 Menestratem,
902 2124 953 2188 vel
981 2125 1111 2209 aliquod
1140 2124 1255 2210 prisca
1281 2123 1448 2188 suavitatis
1478 2145 1599 2188 nornen

399 2224 589 2308 inspexeris,
604 2226 699 2310 erigis
723 2228 868 2291 animum
883 2237 917 2292 et
937 2227 1142 2312 praementita
1165 2249 1269 2292 aureae
1288 2226 1393 2291 aeuus
1420 2227 1527 2291 secula
1550 2227 1600 2291 in-

400 2349 570 2410 gressurus
592 2329 692 2414 gestis
709 2340 743 2394 et
757 2330 891 2394 exultas.
937 2331 1079 2394 Neronis
1101 2330 1306 2416 tyrannidem
1321 2339 1355 2394 et
1376 2328 1473 2395 Jubre
1498 2329 1600 2394 avari-

400 2431 490 2511 tiam,
505 2443 539 2496 et
550 2433 703 2518 quicquid
718 2444 864 2498 vetustas
879 2433 1033 2514 attulerit,
1045 2455 1119 2498 cunr
1135 2435 1225 2498 omni
1239 2433 1445 2499 veneratione
1460 2435 1600 2519 amplec-

401 2535 489 2615 teris,
499 2537 656 2602 Lodovici
671 2537 953 2602 mansuetudinem
968 2547 1003 2600 et
1019 2537 1154 2602 Henrici
1165 2537 1369 2622 largitatem*
1379 2536 1502 2622 abjicis.
1534 2536 1599 2602 Sed

402 2637 429 2699 si
445 2637 608 2702 discredas
630 2638 768 2724 priscam
792 2639 912 2704 nostris
938 2640 1044 2703 inesse
1066 2638 1310 2724 benignitatem,
1333 2649 1367 2704 et
1392 2650 1431 2703 ut
1457 2639 1600 2708 fabulam

397 2740 527 2823 refugis,
558 2740 633 2804 audi
663 2741 802 2825 priscam
831 2742 872 2805 de
898 2741 1019 2804 nostris
1050 2741 1294 2826 malignitatem,
1324 2752 1362 2806 ut
1391 2743 1535 2808 Neronis
1565 2755 1598 2810 et

399 2843 553 2906 similium
577 2843 681 2922 soles3
707 2866 782 2907 nam
809 2865 976 2928 nunquam
1000 2844 1046 2907 sic
1083 2854 1198 2909 contra
1235 2866 1270 2910 se
1307 2845 1515 2931 degenerabit
1551 2847 1598 2910 in·

399 2943 496 3022 vidia,
524 2955 562 3008 ut
585 2945 612 3007 si
634 2955 731 3029 neget
753 2945 927 3010 modernos
951 2968 1022 3010 esse
1048 2945 1189 3031 antiquae
1213 2947 1402 3028 nobilitatis,
1432 2971 1499 3012 non
1523 2971 1598 3014 con-

401 3047 493 3110 cedat
515 3068 571 3111 eos
594 3068 665 3111 esse
688 3048 829 3132 antiquae
855 3049 967 3113 saltem
991 3048 1213 3135 ignobilitatis.
1256 3051 1380 3116 Pictam
1403 3052 1457 3116 bic
1482 3074 1597 3140 nempe

401 3151 546 3214 invenies
576 3173 650 3214 curn
684 3150 752 3214 suis
781 3150 986 3217 honestatem
1014 3152 1179 3218 favoribus
1204 3155 1238 3218 in
1268 3155 1432 3221 modernis
1462 3165 1496 3221 et
1525 3179 1599 3221 cum

402 3251 469 3316 suis
491 3253 727 3339 turpitudinem
753 3254 875 3319 odiosis
905 3255 1044 3341 flagitiis.
1099 3257 1196 3322 Hanc
1233 3257 1293 3322 tibi
1329 3258 1495 3324 vitandam
1524 3281 1598 3345 pro·

401 3355 554 3438 ponimus
584 3377 643 3441 pro
672 3355 848 3435 veneficiis,
872 3356 961 3420 illam
986 3356 1166 3443 eligendam
1188 3380 1249 3444 pro
1272 3359 1457 3440 beneficiis3
1491 3362 1599 3427 neutri

402 3458 562 3523 subducas
588 3459 729 3538 oculum,
759 3459 823 3522 nisi
844 3459 923 3523 visae
949 3461 1080 3544 penitus
1100 3469 1134 3524 et
1159 3462 1286 3546 agnitae.
1330 3463 1484 3546 legenda
1512 3465 1600 3529 enim

401 3561 461 3625 tibi
490 3572 541 3626 eat
564 3563 670 3628 omnis
696 3563 813 3648 pagina
836 3584 932 3648 quam
956 3563 1087 3642 videris,
1106 3572 1140 3628 et
1163 3565 1386 3646 examinanda,
1406 3587 1466 3631 nec
1489 3567 1534 3632 sit
1547 3567 1601 3632 illa

401 3666 547 3750 neglecta
574 3665 637 3730 nisi
667 3666 818 3751 perlecta.
865 3665 970 3731 Usula
998 3666 1096 3751 piscis
1128 3677 1178 3732 est
1204 3668 1349 3732 Danubii
1371 3668 1427 3754 qui
1455 3691 1514 3754 per
1538 3670 1601 3736 tela

401 3768 545 3832 hostium
574 3769 706 3833 musicoe
735 3769 818 3854 petit
850 3770 945 3848 mela,
970 3791 1030 3834 nec
1055 3770 1244 3835 vulneratus
1274 3771 1413 3850 absistit,
1437 3773 1496 3838 sed
1524 3774 1601 3838 vita

399 3871 554 3957 prodigus
569 3881 604 3937 et
624 3894 739 3936 avarus
763 3871 874 3957 organi
894 3881 1036 3936 sectatur
1057 3872 1174 3936 anirnae
1189 3895 1257 3938 suoe
1271 3873 1410 3939 mellitas
1432 3875 1599 3941 illecebras

644 4083 659 4110 θ
680 4080 837 4129 bouisVlll.
852 4081 880 4129 ol
889 4081 981 4131 Franco
992 4081 1039 4130 and
1052 4081 1136 4144 llenry
1149 4081 1186 4130 ll.
1199 4082 1228 4131 ol
1236 4079 1356 4145 England.
