3650 4852
225 525 286 590 Cup.
298 521 354 588 xil-J
594 521 640 566 DE
665 521 775 568 NUGIS
799 521 982 569 euersum

207 675 330 740 annis*
351 675 414 740 hoc
436 695 572 759 regnum
593 673 820 758 possederunt,
843 675 986 760 expulsis
1008 673 1156 740 incolis.''
1200 675 1409 760 stupefactus

206 798 282 862 ergo
297 799 365 855 rex,
380 777 436 861 qui
450 797 509 861 per
523 776 627 840 solum
650 775 795 840 triduum
811 798 935 841 moram
950 777 1064 842 fecisse
1078 776 1226 862 putabat,
1243 777 1299 841 vix
1312 776 1409 840 hresit

206 899 300 965 equo.
316 878 459 946 Quidam
468 889 577 942 autem
586 899 626 942 ex
636 878 732 942 sociis
741 878 808 943 suis
817 889 892 944 ante
902 879 990 944 canis
1000 879 1190 945 descensum
1200 879 1407 944 immemores

206 981 433 1046 mandatorum
447 980 587 1067 pygmaei
603 977 848 1060 descenderunt,
864 990 897 1046 et
910 982 944 1045 in
956 983 1123 1066 pulverem
1144 983 1253 1046 statim
1273 981 1408 1046 resoluti

208 1093 295 1148 sunt.
340 1084 412 1148 Rex
425 1103 503 1147 vero
524 1082 683 1147 rationem
698 1083 768 1167 ejus
792 1083 974 1168 intelligens
995 1083 1214 1162 resolutionis,
1240 1082 1408 1168 prohibuit

207 1185 268 1250 sub
282 1184 544 1250 interminatione
558 1184 672 1248 mortis
687 1183 863 1248 consimilis
879 1206 921 1248 ne
936 1183 1007 1268 quis
1022 1193 1097 1248 ante
1113 1184 1201 1248 cunis
1213 1185 1405 1250 descensum

207 1295 326 1352 terrem
342 1288 551 1372 contingeret.
596 1286 974 1351 Canisautemnondum
990 1287 1167 1352 descendit.
1214 1286 1290 1352 Una
1300 1286 1408 1352 fabula

208 1389 264 1454 dat
276 1389 368 1454 illum
385 1389 520 1455 Herium
533 1409 642 1474 regem
657 1408 763 1452 errore
779 1409 906 1474 semper
919 1388 1047 1453 infinito
1071 1388 1224 1453 circuitus
1251 1411 1325 1454 cum
1351 1411 1409 1455 ex-

207 1492 310 1556 ercitu
325 1513 384 1556 suo
399 1499 509 1556 tenere
523 1510 662 1554 vesanos
689 1489 758 1553 sine
784 1489 891 1573 quiete
913 1489 966 1554 vel
990 1490 1175 1556 residentia.
1220 1491 1322 1556 Multi
1345 1493 1409 1556 ire-

205 1604 341 1680 quenter
354 1593 458 1672 illum,
472 1602 511 1657 ut
533 1601 714 1670 autument,
729 1591 904 1656 exercitum
929 1593 1091 1658 viderunt.
1136 1593 1263 1659 Ultimo
1285 1604 1407 1674 tumen,

205 1705 244 1760 ut
273 1695 375 1774 aiunt,
391 1716 477 1758 anno
501 1693 606 1778 primo
629 1692 848 1757 coronationis
870 1695 975 1759 nostri
1000 1695 1083 1780 regis
1109 1695 1245 1760 Heurici
1269 1697 1408 1761 cessavit

204 1820 341 1884 regnum
356 1807 505 1861 nostrum
528 1793 695 1860 celebriter
719 1803 758 1858 ut
780 1804 855 1859 ante
880 1795 1021 1861 visitare.
1064 1797 1158 1862 'limo
1184 1807 1292 1862 autem
1315 1799 1407 1862 visus

204 1901 417 1966 fuitamultis
425 1899 646 1964 Wullensibus
655 1899 801 1983 immergi
807 1899 1263 1984 juxtaWaiem†Herefordire
1274 1901 1407 1966 flumen.

207 2005 341 2070 Quieuit
369 2014 477 2068 autem
514 2001 555 2066 ab
584 2001 639 2066 illa
666 2001 747 2064 hors
770 2001 959 2066 fantasticus
989 2001 1042 2067 ille
1065 2002 1228 2082 circuitus,
1252 2013 1408 2089 tanquam

205 2105 301 2172 nobis
317 2128 394 2171 suos
409 2102 601 2168 tradiderint
614 2123 750 2181 errores,
774 2102 815 2167 ad
830 2102 971 2187 quietem
996 2101 1068 2166 sibi.
1113 2102 1179 2168 Sed
1203 2104 1231 2167 si
1256 2105 1336 2168 velis
1360 2116 1408 2169 et·

204 2207 338 2273 tendere
353 2229 449 2294 quam
463 2205 640 2289 plorandus
655 2204 723 2283 fiat,
737 2225 805 2268 non
821 2203 925 2268 solum
940 2204 975 2268 in
998 2213 1111 2268 nostra
1133 2205 1190 2268 sed
1205 2206 1240 2268 in
1254 2205 1407 2270 omnibus

204 2314 270 2377 fere
286 2318 457 2396 potentum
472 2306 580 2386 curiis,
595 2305 760 2370 silentium
775 2305 854 2369 mihi
869 2305 1024 2369 libentius
1049 2317 1083 2370 et
1105 2316 1191 2372 certe
1210 2309 1333 2393 justius
1356 2309 1407 2373 in-

205 2415 310 2480 dicere
324 2409 474 2498 placebit.
520 2409 660 2475 Libetne
674 2428 779 2493 nuper
793 2407 873 2472 actis
889 2428 998 2471 aurern
1014 2406 1089 2472 dare
1103 2411 1297 2494 parumper?

562 2613 616 2680 De
629 2635 704 2698 repe
721 2613 960 2697 Portinpolensi.
1004 2613 1060 2678 xii.

250 2753 500 2839 Portingulensis
515 2757 607 2833 rex,‡
625 2750 681 2837 qui
694 2749 786 2831 vivit,
801 2759 835 2814 ct
848 2750 955 2814 adhuc
970 2772 1030 2816 suo
1046 2752 1144 2817 modo
1159 2763 1282 2838 regnat,
1297 2776 1372 2820 cum
1387 2773 1407 2820 a

204 2859 317 2926 multis
330 2859 540 2942 impeteretur
552 2853 715 2934 hostibus,
730 2853 818 2919 etad
834 2853 1029 2919 deditionem
1056 2856 1125 2940 jam
1147 2855 1214 2920 iere
1229 2867 1407 2942 cogeretur,

201 2961 237 3026 in
254 2958 434 3024 subsidium
449 2957 478 3021 ei
494 2954 625 3041 quidam
639 2954 771 3020 advenit
781 2954 923 3040 juvenis,
938 2977 1071 3041 corpore
1081 2958 1248 3042 prestanti
1260 2968 1293 3023 et
1301 2959 1406 3023 forma

201 3069 358 3126 venusta:
381 3057 437 3144 qui
451 3078 525 3121 cum
540 3055 613 3140 ipso
627 3077 843 3135 commorans,
857 3055 978 3120 virtute
1003 3057 1118 3123 bellica
1140 3069 1207 3124 tam
1233 3062 1404 3144 praeclarus

201 3161 361 3248 apparuit,
375 3169 414 3224 ut
428 3181 495 3223 non
516 3157 704 3222 viderentur
727 3157 798 3241 ejus
822 3179 919 3243 opera
942 3159 1109 3244 possibilia
1131 3161 1201 3228 viro
1224 3164 1292 3228 uni.
1338 3164 1404 3229 Hic

200 3285 314 3351 pacem
330 3261 488 3328 desiderio
514 3259 598 3346 regis
622 3268 657 3325 et
684 3261 775 3346 regni
796 3261 949 3340 restituit,
974 3261 1201 3350 ingressusque
1227 3266 1343 3331 merito
1368 3267 1403 3330 in

200 3367 325 3432 domiui
339 3366 390 3431 sui
404 3364 600 3451 praecipuam
614 3363 872 3444 familiaritatem,
887 3364 988 3450 magis
1004 3366 1079 3451 quia
1098 3367 1139 3431 ab
1162 3369 1234 3454 ipso
1254 3369 1403 3434 excultus

200 3477 262 3550 est,
277 3490 363 3554 saepe
379 3467 501 3532 scilicet
515 3465 681 3552 quaesitus,
696 3465 881 3551 frequenter
894 3467 1055 3548 visitatus,
1078 3469 1111 3533 in
1126 3470 1238 3535 multis
1253 3493 1403 3536 remune-

230 3673 248 3704 θ
263 3671 317 3720 me
328 3668 461 3732 quickncas
471 3667 531 3717 vitu
542 3669 622 3717 ulrich
631 3667 691 3718 tima
699 3683 784 3733 posses
847 3672 864 3732 †
881 3671 934 3720 The
946 3671 1011 3719 river
1021 3671 1085 3733 Wyc
1097 3671 1124 3720 iu
1136 3671 1336 3722 Herclordshirc.

199 3753 227 3804 lu
238 3752 301 3816 stirp
312 3751 371 3800 land
382 3765 431 3799 um
443 3749 494 3799 ulsc
506 3749 548 3798 the
559 3763 646 3798 source
657 3742 688 3797 ol
702 3764 717 3800 a
733 3764 784 3798 nu·
849 3752 860 3810 t
877 3751 931 3799 Tha
944 3751 1011 3813 King
1022 3751 1052 3800 ol
1059 3751 1177 3814 Portugcl
1187 3759 1213 3801 at
1223 3753 1274 3802 this
1282 3754 1402 3806 timenus

198 3847 300 3884 mersus
317 3833 380 3884 clm
401 3831 431 3880 ol
455 3829 556 3892 legenda
574 3829 601 3878 iu
620 3829 664 3877 the
679 3829 784 3894 popular
817 3829 929 3879 Sauches
951 3830 975 3879 1.
1003 3831 1059 3880 who
1081 3833 1182 3894 reigned
1200 3834 1266 3884 from
1290 3837 1352 3883 118⁵
1373 3843 1400 3887 tc

198 3913 344 3978 mythology
364 3912 394 3963 ct
410 3911 454 3962 tire
477 3909 609 3962 (lemnio
631 3924 695 3958 racc.
729 3908 784 3958 'l'he
818 3911 898 3966 12113
916 3911 962 3960 but
973 3909 986 3960 1
999 3911 1030 3960 do
1041 3912 1149 3961 notflnd
1160 3913 1400 3978 thatuuyhistoriun

198 3994 306 4057 English
316 3995 403 4044 render
411 3994 462 4043 will
474 3990 611 4043 rcmsmber
618 3990 785 4054 Wmhington
816 3993 861 4042 liu
872 3992 969 4042 slluded
980 3997 1007 4042 tc
1018 3993 1061 4042 the
1076 3999 1162 4044 ments
1179 3997 1273 4046 rslstcd
1292 3997 1351 4048 berc
1367 3999 1401 4065 by

198 4075 309 4138 rrunru
320 4080 389 4140 story
399 4077 429 4126 ol
442 4076 493 4140 Rip
503 4089 552 4124 suu
561 4072 686 4124 Wmckla.
816 4073 913 4122 Walter
924 4072 1023 4137 Mapcs.

242 4177 356 4222 OAMD.
373 4177 446 4224 800.
1246 4183 1269 4225 D
