3608 4862
280 519 489 584 ecantavit]
633 519 682 564 DE
705 519 816 565 NUGIS
840 519 1066 566 cuniculum.
1406 515 1445 573 85

245 671 355 736 oribus
370 673 483 757 major,
495 681 529 737 et
542 673 689 738 venustis
704 673 801 738 armis
812 674 962 738 decenter
977 671 1155 737 redimitus.
1185 672 1323 740 Innixus
1338 677 1449 744 lancea

248 775 432 860 suspirabat
456 785 525 840 tam
548 798 642 861 aegre,
659 786 698 842 ιιι
719 799 739 840 a
762 777 874 841 multis
897 776 1173 842 circumstantium
1199 789 1384 861 annotatus,
1407 785 1449 847 ad

246 879 406 943 rationem
420 889 596 964 poneretur
610 901 667 944 cur
681 881 754 946 hoc.
800 881 877 966 Ipse
892 891 1001 944 autem
1016 901 1092 944 cum
1109 880 1174 944 alto
1193 884 1361 968 respondit
1377 907 1449 950 sus-

246 982 341 1066 pirio,
363 986 386 1019 “
395 983 488 1047 Deus
503 983 606 1048 bone!
630 993 770 1069 quantus
785 983 866 1048 mibi
876 983 967 1048 labor
975 993 1028 1046 est
1036 1004 1150 1047 omnes
1162 983 1258 1049 hodie
1268 985 1447 1056 interficere

246 1085 303 1170 qui
324 1086 388 1151 huc
408 1087 662 1152 convenerunt.''
706 1087 798 1151 Exiit
812 1097 921 1151 autem
935 1085 1071 1151 verbum
1094 1087 1157 1151 hoc
1180 1088 1221 1152 ad
1245 1089 1399 1174 singulos,
1414 1103 1448 1159 et

246 1198 397 1254 ostensus
412 1189 594 1254 alternatim
609 1199 643 1254 et
657 1190 796 1255 invicem
811 1190 958 1255 omnium
974 1189 1082 1274 digitis
1098 1212 1172 1254 cum
1184 1213 1316 1258 susurro
1328 1194 1447 1262 inridre

245 1292 487 1378 indignationis.
532 1294 609 1378 Ipse
618 1303 729 1358 autem
738 1293 862 1379 primus
876 1293 988 1358 lancea
998 1293 1034 1357 in
1048 1293 1200 1358 adversos
1215 1295 1319 1377 irruit,
1330 1308 1364 1362 et
1377 1307 1448 1364 tota

247 1395 299 1461 die
320 1397 375 1461 illa
396 1406 463 1460 tam
487 1397 613 1462 fortiter
636 1419 745 1482 agens,
765 1397 865 1461 tantis
881 1397 1027 1462 eminens
1043 1398 1247 1463 successibus
1263 1409 1330 1464 tam
1345 1401 1447 1467 victo·

245 1497 331 1564 riose
340 1500 585 1585 quibuscunque
596 1501 774 1586 praevalens
790 1500 922 1579 effulsit,
934 1500 1021 1586 quod
1036 1501 1070 1564 in
1085 1501 1236 1586 injuriam
1246 1503 1316 1587 ejus
1325 1505 1446 1569 nullam

245 1603 347 1668 tacuit
369 1604 491 1669 invidia
513 1605 653 1684 laudem,
677 1605 767 1670 etin
792 1627 935 1670 amorem
960 1605 1031 1690 ejus
1055 1625 1115 1690 pro
1140 1606 1351 1672 admiratione
1377 1618 1447 1672 tota

245 1729 401 1772 conversa
425 1719 475 1772 est
500 1709 682 1792 malignitas
710 1709 787 1773 odii.
831 1708 897 1773 Sed
920 1729 994 1773 vere
1018 1709 1089 1772 laus
1112 1709 1147 1772 in
1169 1709 1234 1774 fine
1255 1711 1390 1791 canitur,
1413 1721 1447 1777 et

243 1833 378 1897 vespere
403 1811 553 1875 laudatur
576 1811 656 1876 dies.
702 1812 803 1876 Filius
829 1810 1001 1875 videbatur
1026 1811 1176 1889 fortunae,
1200 1812 1306 1876 sedin
1328 1814 1445 1880 ultimo

245 1914 328 1980 circa
352 1913 451 1978 finem
477 1923 511 1978 et
536 1915 714 1979 discessum
737 1915 895 1988 omnium,
920 1913 960 1978 ab
985 1913 1118 1998 ignobili
1143 1915 1327 2000 nulliusque
1349 1918 1445 2002 pretii

244 2017 345 2080 milite
371 2018 455 2081 facto
480 2017 542 2082 sibi
568 2017 696 2082 obviam
721 2017 832 2080 lancea
851 2038 1024 2102 percussus
1049 2017 1156 2080 estin
1183 2039 1249 2096 cor,
1272 2018 1445 2107 subitoque

243 2130 401 2184 mortuus.
447 2121 619 2185 Revocatae
635 2129 712 2182 sunt
727 2129 871 2203 utraeque
885 2128 1005 2204 partes,
1017 2128 1050 2182 et
1064 2141 1139 2183 cum
1153 2119 1194 2184 ab
1210 2121 1361 2185 omnibus
1378 2135 1411 2188 et
1425 2148 1445 2188 a

242 2224 376 2308 singulis
391 2224 581 2288 alterutrum
597 2222 730 2306 singulis
752 2231 902 2286 ostensus
921 2221 965 2284 sit
978 2232 1173 2301 exarmatus,
1192 2245 1211 2286 a
1225 2223 1354 2288 nemine
1369 2247 1444 2311 cog-

241 2326 331 2390 nitus
347 2337 406 2406 est,
422 2339 576 2412 utusque
591 2326 688 2390 hodie
702 2324 885 2389 inauditum
900 2323 974 2409 quis
989 2325 1095 2388 fuerit.

505 2503 555 2565 De
572 2501 701 2564 Gadone
714 2499 814 2562 milite
828 2498 1052 2562 strenuissimo.
1096 2497 1173 2562 xvii.

285 2647 488 2711 Gadonem*
519 2644 679 2709 miramini
708 2642 823 2706 merito
853 2641 945 2728 quasi
980 2640 1128 2706 stabilem
1165 2641 1250 2706 inter
1282 2644 1438 2726 procellas

240 2771 365 2835 rupem,
391 2749 445 2836 qui
474 2771 509 2814 se
534 2770 662 2833 semper
688 2749 757 2833 spei
783 2757 953 2831 metusque
980 2745 1105 2809 medius
1127 2765 1186 2831 per
1206 2743 1333 2811 labores
1355 2748 1441 2812 Her-

240 2853 349 2917 culeos
361 2874 453 2938 aequa
468 2852 557 2916 lance
571 2850 710 2930 libravit,
725 2858 763 2913 ut
778 2849 811 2912 in
827 2848 973 2913 neutrius
989 2847 1091 2912 exiret
1111 2849 1249 2933 degener
1263 2847 1440 2916 infamiam.

239 2955 341 3019 Filius
356 2965 425 3019 erat
440 2955 523 3040 regis
535 2953 782 3032 Wandalorum,
793 2953 887 3037 eujus
902 2951 972 3036 ipse
986 2973 1122 3037 regnum
1134 2972 1281 3036 egressus
1296 2975 1438 3039 spuere,

239 3082 306 3124 non
315 3058 593 3144 importunitatem
602 3057 715 3145 patriae
724 3057 775 3120 vel
784 3057 885 3142 patris
902 3057 1137 3121 districtionem
1151 3057 1289 3142 fugiens,
1301 3059 1358 3122 sed
1370 3060 1439 3124 ani-

238 3175 334 3226 mum·
344 3162 468 3227 babens
483 3163 607 3227 mundo
622 3162 789 3246 majorem,
802 3159 916 3224 arctari
933 3181 967 3222 se
976 3158 1097 3223 finibus
1107 3163 1305 3245 contempsit
1313 3163 1438 3246 patriis.

238 3265 358 3330 Literis
373 3289 448 3352 ergo
471 3267 576 3353 primo
599 3265 796 3329 sufficienter
817 3263 954 3348 adeptis,
977 3263 1074 3326 armis
1097 3263 1228 3327 demum
1252 3266 1439 3351 assumptir,

234 3367 339 3432 totius
363 3369 451 3434 orbis
474 3377 626 3454 portenta
648 3367 843 3453 perdomuit.
890 3366 1049 3432 Quicum
1064 3388 1131 3430 non
1146 3374 1233 3431 esset
1255 3366 1326 3452 ipse
1346 3390 1441 3432 mon·

236 3481 342 3536 strum
358 3471 459 3534 instar
473 3469 597 3534 Alcidae
607 3469 787 3534 secundum
799 3469 981 3553 giganteam
996 3469 1213 3548 altitudinem,
1228 3470 1279 3533 vel
1294 3470 1438 3533 Achilles

235 3572 417 3640 secundum
440 3573 642 3651 fatalitatem,
667 3595 734 3635 non
760 3571 965 3636 inferioribus
982 3571 1099 3636 meruit
1123 3571 1227 3635 titulis
1242 3572 1357 3652 attolli,
1380 3573 1439 3636 sed

233 3776 319 3833 luedt,
336 3775 448 3838 quamvis
467 3775 489 3824 ei
508 3772 654 3838 poenitentia
676 3787 727 3820 uon
747 3771 821 3820 dene·
856 3771 949 3835 Saron)
967 3786 1090 3831 romanoe,
1108 3787 1164 3822 now
1180 3771 1238 3820 lost.
1273 3773 1298 3821 lt
1314 3772 1336 3821 is
1352 3773 1439 3837 hardly

234 3863 315 3922 gatar,
340 3857 504 3906 ecclesiastica
526 3861 609 3904 tamen
633 3861 716 3905 emeat
738 3853 821 3916 sepul·
856 3869 984 3917 necessary
1005 3858 1032 3902 to
1054 3859 1118 3904 state
1140 3855 1194 3904 that
1216 3855 1259 3903 the
1281 3855 1441 3905 invasiones

234 3938 319 3989 tura.”
336 3940 428 4002 Rogeri
439 3940 470 3990 da
482 3938 611 3994 Heredes,
624 3936 715 3987 Annal.
725 3952 750 3999 p.
763 3937 820 3985 584.
855 3937 935 3986 Offa's
945 3936 1064 3999 kingdom
1076 3937 1162 4001 hythe
1180 3937 1275 3986 Roman
1292 3953 1405 4002 emperor
1416 3940 1438 3988 is

267 4023 282 4052 ⁸
298 4022 359 4071 'lhis
375 4023 476 4086 chapter
492 4035 594 4085 appears
612 4026 638 4069 to
661 4020 691 4070 be
708 4020 751 4068 the
773 4018 816 4066 ab·
853 4035 950 4070 amere
969 4020 1040 4068 sabla.
1075 4019 1106 4068 lu
1125 4019 1437 4071 transrhenensis

234 4108 311 4154 straet
327 4106 356 4152 of
369 4119 437 4154 some
455 4104 573 4155 mediaral
592 4101 709 4168 (perhaps
722 4102 816 4165 Anglo·
853 4101 937 4152 Grada
947 4101 973 4150 iu
985 4101 1027 4152 the
1038 4103 1092 4152 first
1105 4107 1153 4152 two
1166 4102 1299 4154 instaures.
