3610 4852
260 499 377 564 capnt]
588 499 635 542 nn
653 496 763 543 sunta
780 496 1005 541 cuaranruu.
1366 483 1427 540 235

227 668 350 733 baetin
370 667 481 734 retulit
506 689 572 733 non
598 667 798 751 arrogantia.
842 665 946 732 Vobis
970 674 1078 730 autern
1101 665 1165 730 hoc
1179 664 1252 730 ideo
1267 666 1428 745 recordor,

227 781 261 836 et
290 794 330 836 ex
356 771 426 836 aliis
460 771 540 836 actis
569 770 785 850 instruamini,
822 793 864 836 ne
901 770 1092 853 cujusquam
1126 790 1235 834 amore
1270 769 1313 834 sit
1352 771 1428 835 huic

225 873 404 940 Willielmo
441 896 577 940 censura
611 886 732 940 nostrae
763 873 859 940 curiae
891 873 1067 950 remissior,
1095 873 1148 937 vel
1184 872 1260 936 odio
1293 872 1429 959 alicujus

226 979 423 1066 districtior3
461 1001 553 1064 taqua
574 979 665 1043 lance
694 977 829 1042 libretur
861 976 949 1061 quod
978 975 1126 1055 audiatis,
1163 977 1316 1060 quatinus
1351 977 1428 1042 licet

224 1081 295 1147 haec
317 1081 371 1146 illa
397 1083 485 1148 curia
508 1081 656 1146 videatur
680 1081 823 1160 interior,
838 1102 905 1145 non
925 1079 1091 1164 judicetur
1108 1079 1292 1164 injustior.’'
1335 1082 1427 1147 Quo·

223 1183 312 1246 uiam
326 1181 423 1268 igitur
437 1204 535 1248 nemo
554 1183 621 1268 juri
641 1203 700 1246 suo
716 1191 767 1246 est
781 1182 886 1246 lactus
901 1179 1031 1246 obviam
1047 1184 1193 1246 omnium
1204 1181 1328 1266 judicio
1343 1183 1428 1248 Wil-

224 1285 351 1350 lielmus
366 1285 519 1352 obtinuit.

269 1390 364 1454 Hanc
388 1390 492 1455 nostri
522 1389 606 1473 regis
633 1387 818 1453 comitatem
842 1387 1123 1453 annumeravimus
1152 1389 1234 1468 aliis,
1263 1399 1301 1454 ut
1323 1391 1427 1456 maui-

222 1494 342 1558 festum
358 1494 401 1558 sit
415 1493 567 1558 omnibus
583 1494 671 1577 quod
684 1491 798 1556 invisis
823 1491 921 1556 etiam
945 1491 1157 1557 conservabat
1181 1492 1216 1556 in
1239 1493 1287 1558 ira
1300 1495 1426 1560 miseri·

223 1597 375 1662 cordiam.
418 1596 546 1660 Artifex
567 1595 695 1659 subtilis
719 1603 922 1679 expresserat
947 1595 1088 1680 sigillum
1114 1595 1236 1681 regium
1257 1595 1426 1677 bitumine,

222 1701 478 1783 formaveratque
501 1698 649 1783 cuprium
672 1707 741 1763 tam
765 1719 926 1782 expressae
951 1698 1172 1763 similitudinis
1201 1700 1243 1762 ad
1267 1699 1359 1764 illum
1388 1710 1426 1765 ut

222 1823 320 1866 nemo
346 1802 560 1866 differentiam
579 1801 715 1866 videret.
760 1801 845 1866 Cum
860 1813 969 1866 autem
983 1801 1048 1866 hoc
1063 1802 1129 1886 regi
1144 1812 1316 1881 constaret,
1328 1803 1427 1887 jussit

224 1912 333 1998 ipsum
358 1914 524 1998 suspendi,
539 1913 717 2000 vidensque
732 1912 838 1977 virum
852 1913 1081 1993 venerabilem,
1096 1912 1218 1977 bonum
1238 1925 1271 1979 et
1287 1915 1426 2000 justum,

221 2016 351 2080 fratrem
366 2016 513 2094 malefici,
528 2016 659 2080 flentem
675 2025 789 2102 operto
805 2016 921 2100 capite,
942 2017 1052 2080 statim
1076 2015 1294 2080 misericordia
1318 2019 1424 2085 victus

222 2114 401 2182 bonitatem
424 2119 505 2204 justi
534 2119 676 2204 praetulit
704 2118 855 2204 nequitiae
884 2118 941 2196 rei,
969 2118 1255 2204 lachrymosusque
1282 2121 1425 2188 restituit

221 2218 424 2304 lachrymoso
438 2219 594 2284 lentitiam.
624 2220 845 2284 Veruntamen
861 2220 932 2284 fure
947 2219 1066 2297 soluto,
1081 2241 1122 2284 ne
1136 2220 1271 2284 remissa
1285 2220 1422 2288 nimium

219 2322 382 2387 videretur
396 2323 511 2408 pietas,
519 2324 553 2387 in
568 2325 801 2388 monasterium
815 2344 890 2388 eum
902 2321 1031 2387 detrudi
1043 2323 1150 2408 jussit.
1195 2323 1339 2390 Domino
1355 2327 1421 2413 regi

219 2426 375 2510 praedicto
385 2425 544 2491 serviebat
554 2427 686 2511 quidam
697 2427 841 2505 clericus,
851 2426 907 2511 qui
916 2424 1010 2490 vobis
1025 2426 1096 2491 haec
1107 2426 1244 2512 scripsit,
1257 2429 1309 2493 cui
1323 2451 1421 2514 agno·

219 2549 295 2591 men
319 2529 402 2612 Map
425 2553 435 2606 3
457 2528 510 2594 hic
523 2529 586 2613 ipsi
602 2551 694 2593 carus
709 2529 772 2593 fuit
786 2539 820 2593 et
834 2538 996 2613 acceptus,
1012 2551 1078 2593 nou
1094 2530 1160 2594 suis
1176 2531 1235 2594 sed
1248 2541 1420 2616 parentum

220 2649 353 2692 suorum
369 2627 502 2707 meritis,
518 2630 572 2713 qui
588 2629 650 2694 sibi
665 2628 776 2694 fideles
792 2639 826 2693 et
839 2629 1011 2694 necessarii
1030 2630 1157 2693 fuerant
1183 2640 1258 2694 ante
1284 2653 1418 2718 regnum

219 2741 253 2796 et
266 2742 352 2818 post.
399 2731 550 2797 Habebat
565 2732 663 2797 etiam
688 2741 722 2798 et
746 2731 849 2796 filium
866 2733 1060 2797 Gaufridum
1076 2733 1206 2798 nomine
1222 2747 1419 2822 susceptum,

218 2835 246 2898 si
261 2835 365 2900 dicere
380 2837 428 2899 fas
443 2845 504 2914 est,
519 2859 538 2899 a
552 2834 682 2921 publica
705 2835 756 2900 cui
782 2857 902 2900 nomeu
929 2835 1081 2916 Hikenai‚
1096 2846 1134 2901 ut
1148 2848 1199 2902 est
1217 2847 1419 2922 praetactum,

218 2961 314 3023 quem
329 2948 441 3004 contra
455 2939 553 3002 fidem
569 2949 604 3003 et
617 2940 761 3003 animum
777 2939 923 3004 omnium
938 2940 972 3004 in
989 2961 1085 3004 suum
1105 2940 1283 3007 advocavit.
1328 2943 1419 3009 Inter

217 3041 303 3106 hunc
318 3051 352 3106 et
367 3041 448 3124 Map
462 3041 571 3104 faciles
587 3040 759 3126 aliquando
774 3041 847 3105 lites
863 3062 970 3106 eoram
985 3042 1057 3126 ipso
1080 3042 1138 3107 sed
1163 3053 1196 3107 et
1217 3044 1294 3108 alias
1308 3045 1418 3110 venie-

216 3144 306 3208 bant.
351 3144 452 3208 Hunc
466 3166 523 3208 rex
538 3144 579 3207 ad
595 3143 773 3208 Lincolniae
786 3145 895 3209 sedem
911 3144 993 3229 elegi
1007 3145 1094 3224 fecit,
1116 3147 1171 3231 qui
1183 3147 1274 3230 justo
1295 3147 1416 3212 diutius

215 3249 438 3336 episcopatum
463 3249 555 3312 illum
581 3247 731 3327 detinuit,
755 3247 887 3312 domino
913 3270 998 3332 papa
1021 3249 1139 3333 saepius
1165 3259 1299 3333 urgente
1328 3251 1417 3333 quod

215 3354 343 3419 cederet
357 3362 414 3416 aut
429 3351 630 3416 ordinaretur
644 3350 848 3434 episcopus,*
863 3351 919 3435 qui
942 3350 999 3414 diu
1024 3351 1236 3436 tergiversaris
1261 3361 1414 3417 neutrum

213 3466 248 3522 et
261 3466 435 3540 utrumque
449 3453 553 3518 voluit
567 3463 600 3518 et
615 3452 729 3518 noluit.
773 3453 844 3516 Rex
858 3452 956 3537 igitur
970 3453 1025 3538 qui
1040 3452 1176 3517 sollicite
1190 3453 1415 3521 considerabat

214 3561 351 3625 multam
365 3568 482 3622 terram
503 3567 691 3642 occupatam
715 3579 734 3620 a
757 3555 821 3620 ficu
847 3555 913 3633 tali,
928 3556 1032 3642 coegit
1047 3579 1121 3621 eum
1147 3557 1188 3621 ad
1213 3557 1413 3624 alterutrum.

216 3665 250 3729 ls
276 3672 385 3728 autem
410 3661 506 3747 elegit
531 3661 654 3724 cedere.
700 3659 809 3724 Cessit
836 3659 934 3744 igitur
963 3661 1049 3745 apud
1076 3660 1327 3746 Merleburgam,
1356 3662 1414 3727 ubi

246 3842 262 3872 ⁶
279 3837 797 3902 Geotlrayuesneverconsecratedbishop
830 3837 857 3886 iu
875 3838 946 3886 other
963 3843 1072 3900 respecta
1090 3839 1132 3887 the
1149 3853 1190 3886 aee
1208 3837 1331 3886 rcmained
1347 3853 1375 3888 aa
1395 3840 1418 3890 il

214 3923 379 3980 ofLincoln3
397 3923 428 3970 he
446 3921 557 3970 received
576 3920 618 3968 the
637 3921 801 3968 resonuerat
830 3924 926 3968 vacant.
970 3918 1052 3967 When
1072 3924 1097 3966 at
1121 3918 1206 3980 length
1228 3917 1365 3981 compelled
1387 3927 1413 3969 to

215 4007 257 4055 the
276 4020 317 4054 see
338 4005 426 4066 during
444 4019 517 4052 seren
536 4017 615 4065 years,
627 4002 659 4064 by
671 4016 757 4050 reason
773 4001 801 4050 ol
832 4001 941 4063 undergo
953 3999 1101 4058 ordination,
1112 4013 1139 4046 or
1156 3998 1292 4061 relinquiah
1309 4001 1351 4050 the
1363 4017 1414 4060 rec,

214 4087 253 4135 hia
265 4087 378 4144 electiori,
386 4085 433 4133 but
440 4085 545 4134 without
552 4083 699 4142 ordination,
709 4099 736 4132 so
746 4083 800 4132 that
833 4083 946 4146 Geotlrcy
959 4082 1033 4131 chose
1045 4083 1085 4130 the
1098 4082 1169 4130 letter
1180 4081 1332 4131 alternative.
