3608 4862
244 573 355 638 caan]
611 573 659 616 oa
683 571 794 616 nvom
819 571 1044 616 cnnrnmuu.
1372 555 1432 628 137

228 725 284 789 illa
297 723 439 810 fugando
462 724 568 810 longis
591 723 727 810 quaesita
745 723 873 808 vigiliis,
898 724 968 789 haec
990 723 1143 808 fugiendo
1165 723 1255 788 brevi
1279 723 1336 788 sed
1358 725 1436 790 forti

227 836 320 913 parta
341 826 516 912 vigilantia,
530 827 586 891 illa
609 827 711 891 dulcis
726 835 760 890 et
774 826 941 906 dilectam,
955 826 1026 890 haec
1045 847 1153 889 amara
1173 835 1207 890 et
1228 825 1353 907 dolens,
1376 827 1434 893 sed

226 930 352 995 fructus
366 951 477 994 eamm
499 929 633 994 mutatis
654 928 861 993 invenientur
885 928 1055 1014 saporibus
1078 929 1113 992 in
1137 939 1283 1014 tempore
1307 931 1433 996 messis.

227 1030 281 1097 Sic
296 1041 409 1097 contra
422 1031 522 1097 fidem
537 1030 681 1097 Nasonis
696 1053 715 1094 a
733 1031 853 1117 juvene
869 1039 902 1096 et
917 1030 1035 1116 cupido
1057 1032 1183 1097 reddita
1203 1042 1254 1097 est
1274 1042 1431 1118 quantum

222 1237 323 1322 janua
342 1237 480 1317 Diones,
501 1238 536 1302 in
555 1237 734 1324 precipitio
749 1247 909 1322 promptae
924 1237 1037 1317 ruinae,
1052 1237 1086 1303 in
1109 1237 1332 1324 desperatione
1353 1263 1431 1306 con·

224 1339 381 1404 tinentiae.
427 1340 509 1407 Quis
525 1363 592 1405 non
607 1341 752 1419 miretur,
763 1349 797 1405 et
818 1361 884 1405 non
900 1341 987 1405 hunc
1002 1341 1147 1406 imitetur
1162 1341 1189 1406 si
1204 1343 1329 1428 possit?
1365 1344 1430 1408 Hie

225 1451 311 1508 certe
320 1443 428 1527 potuit
442 1444 551 1529 fugam
566 1443 717 1508 invadere
728 1443 831 1528 gratia
845 1444 1065 1528 proeventrice,
1081 1454 1114 1509 et
1128 1455 1275 1530 arreptus
1295 1447 1430 1512 evadere

223 1545 325 1631 gratia
334 1545 563 1612 subsecutrice.
601 1547 709 1611 Fortis
720 1545 783 1626 hic,
797 1547 899 1611 sedin
912 1569 951 1611 eo
962 1548 1055 1612 fortis
1067 1557 1241 1634 utrumque
1253 1549 1428 1630 Dominus,

224 1648 393 1715 laudabilis
405 1651 468 1729 hic,
481 1651 566 1714 seda
578 1651 733 1729 Domin0,
742 1649 868 1715 videbit
879 1651 931 1715 hic
943 1650 1033 1738 piger
1044 1662 1078 1717 et
1087 1652 1281 1738 expectabit,
1293 1655 1428 1738 gratiam

224 1752 390 1818 excusabit
398 1763 432 1818 et
441 1753 577 1818 incurrit
587 1754 755 1818 offensam.
778 1754 851 1818 Nos
861 1763 968 1819 autem
979 1777 1066 1820 nunc
1075 1778 1141 1820 non
1152 1756 1208 1836 sic,
1219 1756 1277 1822 sed
1289 1758 1428 1822 sciamus

225 1855 294 1920 aine
310 1855 381 1940 ipso
396 1856 478 1920 nihil
491 1879 589 1942 posse
603 1855 683 1936 fieri,
699 1866 732 1921 et
747 1878 902 1921 conemur
913 1866 1066 1943 tanquam
1079 1880 1118 1922 ex
1133 1857 1228 1923 nobis
1243 1859 1335 1924 initia
1350 1861 1427 1939 sint,

223 1967 258 2022 et
272 1958 353 2022 nulli
368 1959 498 2024 conatui
513 1959 598 2023 desit
618 1980 692 2044 spes
709 1969 742 2023 et
756 1959 878 2038 orati03
901 1959 1105 2044 accingamur
1119 1961 1186 2026 vim
1206 1963 1309 2028 facere
1325 1963 1429 2028 donec

223 2059 319 2124 nobis
333 2067 372 2123 ut
386 2059 465 2124 assit
480 2069 513 2124 et
533 2071 678 2124 nostram
701 2059 765 2144 ipsi
783 2059 908 2145 placere
933 2061 1072 2126 sciamus
1092 2062 1299 2144 violentiam3
1322 2065 1426 2129 virtus

222 2162 356 2248 pallium
371 2163 572 2248 apprehensa
593 2184 660 2227 non
683 2163 809 2247 linquit,
825 2163 883 2228 sed
898 2185 962 2249 quo
988 2165 1121 2228 traxens
1148 2165 1229 2230 ultio
1254 2166 1428 2230 comitatur

222 2274 344 2349 optata.
390 2263 456 2330 Qui
471 2265 558 2328 carni
572 2263 730 2350 praecipit,
745 2263 858 2348 effugit
872 2264 963 2344 iram,
982 2273 1015 2328 et
1035 2265 1089 2350 qui
1105 2264 1167 2331 sibi
1181 2267 1308 2330 frenum
1323 2267 1427 2352 ponit,

220 2389 241 2432 a
255 2366 400 2432 Domino
415 2365 582 2453 dirigitur:
609 2364 673 2453 ipsi
688 2377 794 2452 grates
809 2389 908 2452 aquo
923 2368 1044 2452 gratiae.

405 2558 550 2640 Eaplicit
565 2557 726 2621 distinctio
742 2559 839 2620 tertio
854 2557 1022 2640 Nagaram
1042 2557 1228 2623 Curiatium.

260 4189 374 4234 CAMD.
391 4189 464 4236 800.
