3610 4852
604 569 652 612 ns
676 569 786 614 nucis
811 493 1248 614 wmmuhscjllfoshll

215 757 274 798 sna
302 733 404 818 magis
438 733 473 797 in
508 733 569 798 viri
604 734 746 800 tenebris
779 735 926 800 elucebat
957 734 1093 800 claritas.
1153 731 1327 818 Tyrannus
1352 733 1417 813 hic,

214 859 288 902 cum
316 857 377 900 nco
400 835 512 900 uxoris
542 835 638 901 bonae
664 837 799 901 consilio
823 857 883 902 nec
910 834 1174 921 castigationibus
1197 833 1418 919 adquiesceret

216 938 374 1003 Lodovici
387 938 536 1023 piissimi,
552 940 805 1024 comprehensus
820 950 872 1004 est
885 938 926 1003 ab
941 939 1025 1023 ipso,
1046 938 1278 1020 confessusque
1291 937 1418 1020 judica-

217 1051 271 1105 tus
286 1054 320 1105 et
335 1041 452 1105 ductus
467 1040 508 1104 ad
523 1039 717 1124 patibulum.
761 1042 807 1104 Et
822 1063 896 1106 ecce
910 1040 998 1105 bona
1011 1041 1121 1126 virago
1133 1041 1173 1104 de
1186 1040 1419 1125 quasuperius,

217 1165 300 1207 uxor
314 1142 396 1226 ejus,
410 1141 486 1205 licet
499 1142 641 1226 gravida,
654 1141 732 1206 licet
750 1143 844 1228 juxta
867 1153 1008 1229 partum,
1024 1142 1114 1207 omni
1140 1153 1250 1226 spreto
1275 1141 1418 1227 periculo

218 1257 286 1309 tam
297 1244 366 1327 jam
381 1243 446 1306 fere
461 1242 616 1326 parientis
628 1243 711 1308 uteri
723 1266 819 1328 quam
831 1245 935 1329 parati
949 1253 1073 1328 partus,
1088 1241 1226 1328 pedibus
1242 1242 1288 1327 pii
1299 1243 1418 1327 judicis

219 1346 414 1424 advolvitur,
438 1345 651 1430 lachrymosis
678 1358 790 1411 exorat
815 1347 1067 1412 miscricordiam
1089 1344 1279 1424 ululatibus,
1305 1356 1338 1409 et
1359 1367 1418 1430 pro

219 1452 313 1514 famae
338 1471 405 1512 suae
430 1448 610 1512 reverentia
635 1461 774 1534 perorat,
790 1461 823 1514 et
845 1471 941 1535 quem
964 1473 1031 1514 non
1050 1459 1155 1514 castra
1170 1459 1339 1514 moverent
1353 1470 1419 1512 non

219 1555 363 1620 flecteret
371 1573 485 1615 aurum
493 1552 637 1636 judicem
643 1554 796 1638 frangunt
805 1553 1009 1638 lachrymosa
1021 1553 1171 1637 suspiria,
1177 1562 1333 1636 tantoque
1343 1574 1420 1616 con-

220 1657 361 1742 spectior
375 1655 508 1718 emicuit
530 1656 649 1719 oratrix
665 1657 751 1740 quod
771 1659 839 1741 jam
853 1655 964 1735 libera,
975 1657 1043 1741 jam
1058 1678 1078 1719 a
1099 1656 1265 1741 pestilenti
1281 1668 1420 1741 tyranno

222 1758 482 1844 soluta,profide
494 1759 580 1822 thori
595 1759 709 1824 vinciri
730 1760 834 1825 voluit
849 1760 977 1824 iterum.
1023 1760 1171 1845 Cumque
1187 1761 1348 1825 solutione
1364 1781 1423 1824 sua

220 1865 313 1928 fieret
326 1863 360 1925 in
376 1861 550 1926 solitudine
565 1862 652 1941 felix,
667 1882 733 1925 non
754 1863 913 1947 jacturam
935 1862 1103 1942 libertatis,
1119 1885 1185 1927 non
1201 1864 1296 1928 taedia
1323 1863 1421 1926 servi-

221 1968 313 2046 tutis,
324 1988 390 2030 non
402 1987 507 2050 poenae
522 1976 639 2050 pensat
653 1965 898 2044 immanitatem,
914 1988 974 2030 nec
990 1966 1134 2050 pristinis
1150 1967 1230 2030 caedi
1245 1966 1422 2051 scorpioni·

224 2071 297 2149 bus,
312 2091 372 2133 nec
397 2068 432 2132 in
458 2067 583 2152 flagella
608 2068 708 2133 relabi
730 2079 870 2146 veretur,
885 2077 963 2132 cote
989 2078 1092 2132 totam
1117 2068 1193 2132 fidei
1216 2069 1421 2133 serenitatem

223 2174 360 2238 sollicite
386 2181 506 2236 secuta.
551 2172 730 2236 Reducitur
751 2194 826 2257 crgo
851 2194 990 2257 nequam
1013 2195 1031 2235 a
1051 2172 1211 2257 supplicio
1229 2172 1357 2236 vinctus
1381 2172 1423 2235 ad

222 2275 389 2362 palatium,
405 2285 438 2338 et
461 2297 502 2338 ne
524 2295 657 2359 prorsus
677 2274 848 2338 inconfusa
862 2274 913 2337 vel
929 2274 1153 2358 irreprehensa
1167 2274 1315 2337 videatur
1330 2275 1422 2338 mali-

223 2380 279 2458 tia,
293 2378 345 2442 vel
366 2377 491 2462 integre
515 2377 670 2462 glorietur
695 2378 805 2455 illaesa,
832 2377 929 2463 jubet
953 2377 1128 2440 auriculam
1158 2378 1229 2462 ejus
1258 2377 1422 2442 dexteram

222 2480 358 2544 resecari
378 2500 444 2542 rex.
505 2479 581 2542 Hoc
599 2490 707 2542 autem
723 2479 852 2542 videtur
866 2477 1009 2542 notabile
1024 2478 1219 2563 prodigium,
1235 2479 1321 2563 quod
1341 2478 1424 2544 infra

223 2583 310 2647 diem
332 2591 483 2666 quartum
507 2592 583 2665 post
605 2591 700 2646 natus
722 2593 773 2646 est
788 2604 827 2646 ex
841 2582 896 2646 illa
916 2582 1095 2647 liberatrice
1112 2604 1171 2645 sua
1185 2591 1323 2666 tyranno
1338 2581 1423 2646 filius

225 2687 356 2750 dextera
382 2705 494 2748 carens
509 2684 661 2750 auricula.
707 2684 822 2748 Minus
847 2685 934 2749 ess'et
957 2693 1146 2770 portentum
1173 2684 1200 2747 si
1223 2693 1300 2769 post
1323 2685 1425 2768 patris

224 2789 438 2853 abscisionem
454 2789 570 2852 fuisset
584 2789 723 2872 genitus,
739 2789 797 2852 sed
812 2787 900 2874 quod
914 2788 983 2872 jam
998 2787 1092 2851 vivus
1107 2787 1141 2851 in
1157 2797 1250 2852 utero
1265 2787 1424 2872 pleneque

224 2894 382 2958 formatus
407 2891 617 2975 postmodum
639 2901 774 2957 truncus
802 2891 952 2977 apparuit
980 2891 1164 2955 fortissimae
1191 2891 1425 2976 compassionis

226 2995 354 3079 signum
370 3005 430 3060 est.

271 3097 354 3160 Hoec
365 3118 431 3158 una
445 3095 603 3180 pietatum
615 3095 784 3160 Ludovvici
794 3095 857 3159 fuit
869 3121 878 3175 ;
901 3096 1000 3159 altera
1012 3116 1083 3179 quae
1096 3095 1241 3179 sequitur
1251 3103 1303 3157 est
1313 3093 1426 3178 hujus-

228 3201 327 3266 modi.
369 3199 573 3264 Waleranius
595 3198 636 3263 ab
660 3199 762 3263 Effria
787 3199 880 3263 miles
906 3208 975 3263 erat
988 3199 1169 3277 illiteratus,
1181 3197 1426 3282 jucundissimas

230 3313 338 3366 tamen
358 3303 529 3380 facundiae,
549 3301 679 3387 regique
705 3310 804 3365 notus
831 3309 864 3364 et
890 3322 1002 3379 carus3
1026 3310 1181 3383 erantque
1205 3299 1270 3382 regi
1286 3298 1426 3361 ministri

228 3417 305 3487 tres,
331 3407 386 3491 qui
412 3407 475 3471 toti
501 3406 645 3471 Franciae
668 3413 838 3490 praeerant,
862 3403 1015 3467 Galterus
1038 3401 1242 3479 camerarius,
1258 3401 1426 3466 Bucardus

228 3512 384 3590 molosus,
400 3511 487 3596 quod
510 3521 562 3574 est
585 3509 709 3574 Gallice
724 3515 867 3585 necatur,
882 3506 1079 3570 Willielmus
1095 3506 1135 3569 de
1151 3506 1287 3591 Gurney
1301 3526 1428 3590 praepo-

230 3613 311 3676 situs
328 3611 566 3676 parisiacensis.
612 3610 764 3674 Galterus
780 3629 892 3672 omnes
908 3609 974 3672 fere
991 3607 1267 3672 Franciaefructus
1280 3628 1339 3691 pro
1350 3615 1428 3671 voto

230 3715 377 3794 messuit,
390 3716 559 3780 Bucardus
582 3714 638 3800 qui
654 3712 785 3778 suberat
799 3712 991 3797 aliquantos,
1006 3711 1202 3776 Willielmus
1218 3711 1338 3788 nulloS,
1360 3709 1426 3774 Lo·

230 3819 363 3883 dovicus
379 3839 446 3901 prae
462 3815 668 3901 simplicitate
685 3837 742 3878 sua
757 3835 839 3899 quos
865 3814 912 3877 illi
935 3812 1178 3899 permittebant.
1223 3812 1428 3877 Waleranius

229 3922 298 3986 haec
317 3921 442 3998 videns,
459 3919 627 4003 sciensque
652 3917 730 4003 quid
757 3927 912 4000 ageretur,
928 3928 962 3982 et
976 3918 1089 3982 dolens
1105 3939 1162 4002 per
1185 3933 1351 3982 servorum
1369 3939 1429 4002 po·

229 4033 380 4089 testatem
404 4031 471 4087 tarn
497 4022 651 4086 immania
677 4021 747 4086 fisci
774 4021 968 4086 detrimenta
993 4020 1073 4100 fieri,
1089 4043 1218 4087 carmen
1241 4018 1318 4085 inde
1342 4042 1431 4085 com-

229 4127 341 4213 posuit
356 4125 467 4210 lingua
483 4124 608 4190 Gallica
622 4123 730 4188 verbis
745 4123 779 4188 in
794 4123 866 4187 istis
881 4147 888 4186 ε
