3650 4852
269 545 381 613 espa]
635 549 682 595 nn
704 551 816 597 nucis
839 551 1065 599 cuninaruu.
1414 533 1450 598 ll

254 718 330 763 eum
352 721 456 766 errare
478 700 600 781 fecerit,
614 701 725 767 laudat
749 725 899 784 errorem,
922 715 957 771 et
979 725 1154 770 conversus
1177 704 1258 770 mihi
1279 705 1384 790 pingit
1409 705 1454 770 ci·

254 802 392 867 uoniam.
438 803 473 868 Si
488 803 650 889 sapienter
665 804 784 889 aliquid
795 827 889 891 egero
905 806 993 894 qnod
1018 827 1074 872 eos
1099 807 1134 871 in
1160 807 1266 892 aliquo
1291 809 1454 886 molestet,

253 905 344 969 venit
358 904 472 991 aliquis
488 915 604 971 moesto
619 906 723 985 vultu,
746 906 869 992 dejecta
892 909 983 988 facie,
1006 908 1147 994 fictoque
1171 909 1321 996 suspirio,
1344 911 1453 974 “Non

254 1015 287 1071 te
302 1008 440 1094 pigeat‚'’
457 1009 635 1095 inquirens,
658 1010 856 1076 “karissime
871 1012 1022 1078 domine?
1048 1013 1190 1100 populus
1204 1013 1350 1099 loquitur
1365 1013 1453 1099 quod

254 1110 339 1175 hanc
364 1133 433 1176 rem
458 1113 583 1177 fecistis
606 1113 686 1178 mihi
710 1114 788 1178 satis
812 1115 928 1200 placet,
955 1115 1017 1179 scit
1039 1117 1142 1195 Deus,
1168 1126 1201 1181 et
1225 1117 1313 1181 bona
1325 1117 1455 1181 videtur

254 1213 349 1292 actio,
364 1215 421 1279 sed
436 1215 497 1300 ipsi
513 1216 610 1280 nimis
625 1216 829 1302 objurgant.''
874 1218 954 1282 Post
967 1217 1058 1282 illum
1073 1218 1317 1283 venitseorsum
1329 1219 1409 1284 alter
1419 1219 1454 1283 in

256 1317 353 1382 simili
368 1317 538 1382 sententia.
581 1319 711 1382 Tertius
726 1329 835 1384 autem
847 1319 882 1383 in
904 1321 1016 1385 eadem
1032 1321 1142 1386 schola
1161 1321 1316 1405 sequitur,
1331 1330 1364 1386 et
1386 1343 1454 1386 non

256 1429 385 1484 cessant
399 1422 502 1485 donec
517 1420 663 1486 dubitare
677 1421 812 1486 fecerint
826 1431 883 1486 aut
895 1443 972 1486 vera
986 1422 1175 1488 discredere.
1207 1423 1327 1487 Nullus
1341 1445 1455 1488 eorum

257 1522 430 1606 specificat,
444 1531 482 1586 ut
496 1522 592 1602 dicat,
606 1523 660 1588 ille
675 1524 716 1588 de
730 1533 787 1588 tue
801 1524 848 1588 sic
869 1525 964 1589 etsie
988 1523 1130 1610 loquitur
1155 1524 1292 1604 acdona,
1316 1527 1373 1592 sed
1395 1548 1456 1612 po-

256 1625 355 1710 pulus
379 1625 426 1690 sic
450 1625 603 1711 loquitur.
648 1627 715 1694 Qui
740 1627 899 1712 populum
923 1637 1064 1708 accusat,
1084 1650 1197 1693 omnes
1212 1639 1365 1709 exeusat3
1388 1650 1456 1693 non

258 1727 412 1792 certificat
426 1729 478 1793 cui
492 1729 688 1794 contendere
702 1731 836 1814 possim,
862 1751 904 1795 ne
929 1731 1089 1796 reveletur
1112 1731 1216 1795 dolus.
1261 1731 1457 1816 Quicunque

258 1831 407 1896 minister
431 1832 556 1917 placere
575 1833 731 1918 parcitate
746 1843 891 1913 conatur,
908 1835 1066 1899 offensam
1089 1834 1236 1899 omnium
1255 1833 1400 1914 incurrit,
1424 1845 1459 1900 et

259 1932 372 1997 dicunt
395 1935 435 2013 ei,
458 1940 480 1972 “
492 1936 585 2000 Bona
610 1935 673 2000 fuit
698 1935 815 2000 domus
831 1946 1003 2021 antequam
1017 1936 1165 2015 intrares,
1180 1945 1218 2000 tu
1236 1938 1370 2001 domum
1387 1958 1458 2022 per·

258 2035 394 2115 vertisti,
409 2045 447 2100 tu
461 2037 566 2120 pudor
580 2059 616 2100 es
631 2046 665 2100 et
679 2038 819 2102 dedecus
830 2049 864 2102 et
872 2038 989 2102 domus
1001 2047 1034 2102 et
1043 2039 1166 2102 domini
1179 2062 1188 2117 ;
1210 2038 1269 2102 ha!
1286 2049 1323 2104 tu
1334 2039 1460 2104 videbis

260 2161 358 2224 quam
366 2138 442 2204 inde
452 2140 698 2204 retributionem
710 2143 842 2220 efferes;
865 2163 885 2204 o
897 2163 994 2226 quam
1005 2140 1078 2225 pius
1088 2163 1123 2204 es
1133 2141 1166 2203 in
1175 2141 1308 2205 bursam
1318 2141 1459 2206 dominil

261 2241 338 2326 quid
352 2251 448 2326 putas
463 2263 503 2306 ex
527 2241 587 2305 hac
611 2242 743 2309 avaritia
767 2243 961 2328 provenire?
1008 2242 1097 2308 Quid
1112 2242 1153 2305 de
1168 2251 1219 2306 tot
1232 2242 1412 2307 redditibus
1428 2252 1463 2308 et

260 2343 380 2408 divitiis
394 2344 512 2408 amodo
526 2343 623 2408 faciet
637 2343 788 2408 dominus
804 2345 1014 2408 thesaurum?
1038 2345 1083 2407 ais
1098 2343 1257 2428 numquid
1272 2354 1306 2407 et
1320 2354 1353 2409 te
1367 2346 1463 2410 faciet

259 2447 431 2526 haeredem,
454 2456 511 2511 aut
531 2447 640 2531 ipsum
661 2446 824 2531 jugulabis
850 2457 888 2510 ut
916 2455 1062 2532 asportes
1074 2471 1084 2525 3
1107 2455 1194 2510 certe
1220 2447 1407 2510 thesaurum
1433 2447 1464 2511 ei

258 2551 363 2615 iecisti
378 2550 610 2614 detractionem
626 2557 659 2612 et
674 2549 785 2612 odium
800 2549 945 2613 omnium
961 2548 1137 2612 amicorum
1147 2569 1291 2626 suorum,
1303 2547 1359 2633 qui
1373 2548 1462 2633 prius

261 2677 336 2720 eum
371 2663 410 2718 ut
434 2653 603 2717 dominum
629 2652 815 2737 diligebant.
858 2653 911 2717 Tu
933 2653 1048 2717 bufoni
1074 2651 1188 2716 similis
1214 2672 1262 2730 es,
1288 2651 1344 2736 qui
1369 2661 1463 2716 terrie

260 2757 375 2843 perciti
401 2766 435 2821 et
459 2757 543 2820 lame
570 2755 713 2840 deperit3
736 2764 774 2819 tu
799 2765 896 2841 putas
920 2758 1008 2843 quod
1031 2757 1123 2820 Deus
1151 2755 1283 2819 domino
1307 2755 1392 2819 desit
1410 2755 1463 2818 vel

259 2861 358 2938 fallat,
374 2859 493 2924 sciolus
508 2857 568 2922 tibi
581 2859 700 2924 videris
716 2867 749 2922 et
765 2859 884 2923 stultus
900 2860 967 2923 es.'’
1014 2858 1089 2922 Hiis
1104 2857 1335 2942 ethujusmodi
1350 2857 1462 2920 litibus

260 2961 390 3047 quidam
405 2983 445 3026 ex
460 2962 540 3026 meis
556 2961 711 3026 ministris
726 2961 905 3032 lacessitus,
919 2962 960 3025 ad
969 2982 1022 3024 me
1031 2959 1139 3024 flendo
1149 2959 1310 3044 querelam
1322 2959 1463 3024 bancat·

260 3064 345 3129 tulit.
367 3063 453 3126 Tum
464 3085 534 3148 ego,
546 3067 567 3100 “
573 3063 695 3142 Frater,
706 3063 805 3126 vade:
821 3084 934 3127 verum
946 3062 1095 3146 estquod
1107 3083 1203 3125 nemo
1215 3069 1324 3145 potest
1333 3060 1462 3126 duobus

260 3168 378 3232 servire
394 3165 532 3230 dominis
543 3190 552 3244 3
575 3165 760 3230 tudocante
772 3165 916 3229 Domino
928 3163 1034 3228 bonus
1044 3173 1078 3228 et
1088 3164 1192 3228 fidelis
1202 3186 1247 3242 cs,
1258 3163 1321 3248 ipsi
1332 3163 1460 3228 diabolo

259 3270 398 3333 ducante
411 3277 631 3354 provenerunt
644 3269 686 3332 ad
700 3266 984 3352 reprehensionem
998 3265 1182 3343 fidelitatis3
1205 3264 1245 3328 de
1260 3265 1388 3329 duobus
1398 3265 1461 3329 hiis

258 3377 356 3437 nemo
372 3373 427 3456 qui
442 3372 546 3456 sapiat
556 3371 735 3455 pessimum
747 3369 836 3454 eligit
845 3371 969 3455 optimo
983 3369 1128 3434 relict0.''
1171 3369 1257 3431 Tum
1272 3367 1334 3446 ille,
1350 3369 1460 3431 “Non

259 3491 394 3555 possum
410 3469 450 3531 ad
466 3490 578 3533 ornnes
595 3469 705 3546 solus;
727 3469 813 3533 malo
827 3466 921 3532 vobis
936 3469 1045 3531 omnia
1055 3467 1215 3552 resignare
1227 3490 1322 3551 quam
1333 3469 1385 3531 his
1395 3469 1461 3531 dis·-

257 3572 342 3636 trahi
353 3569 446 3646 rixis3
460 3571 562 3633 vals.''
587 3571 659 3634 Hac
667 3571 791 3637 bonum
801 3569 925 3655 perdidi
934 3570 1058 3633 cautela
1066 3569 1262 3646 ministrum,
1270 3570 1460 3633 laetificavit·

255 3693 322 3760 que
336 3669 500 3734 familiam.
543 3672 629 3734 Tum
652 3693 711 3756 ego
735 3671 910 3736 versutiam
933 3690 1045 3732 eorum
1067 3669 1192 3746 videns,
1217 3670 1330 3732 vocavi
1352 3670 1460 3753 palam

259 3793 385 3850 omnes,
395 3781 428 3836 et
436 3771 593 3855 proposui
602 3773 765 3857 quomodo
774 3772 987 3857 perdidissem
997 3793 1126 3834 servum
1135 3769 1457 3849 bonum,nesciebam

257 3895 396 3961 quorum
406 3872 689 3936 affectumlitibus.
724 3872 819 3935 Tunc
827 3893 940 3936 omnes
952 3881 1120 3956 coeperunt
1128 3892 1279 3938 excusare
1289 3897 1363 3939 cum
1369 3877 1458 3960 jura-

259 3987 371 4054 mento
387 3975 542 4056 dicentes,
559 3980 580 4012 “
592 3975 742 4040 Proditor
756 3987 833 4040 tuus
845 3985 895 4041 est
907 3977 962 4061 qui
974 3975 1033 4040 tibi
1044 3976 1168 4041 bonum
1181 3999 1309 4042 servum
1321 3981 1458 4044 aufert.”

261 4079 443 4144 Consilium
466 4101 541 4164 crgo
557 4077 691 4165 quoesivi
711 4079 763 4144 cui
778 4101 909 4164 possem
929 4078 1055 4144 tradere
1070 4100 1179 4143 curam
1194 4089 1228 4146 et
1243 4082 1458 4147 ministerium

259 4181 387 4269 prioris,
401 4204 468 4250 non
483 4192 522 4250 ut
535 4183 686 4272 eligerem
701 4204 798 4269 quem
811 4183 933 4250 vellent
948 4181 1006 4249 sed
1032 4203 1129 4268 quem
1154 4183 1302 4264 nollunt3
1326 4205 1457 4248 securus
