3650 4852
286 507 429 570 capua]
655 505 702 550 ua
726 503 837 551 auaro
862 502 1087 556 cuarnarun.
1430 509 1471 568 53

270 656 336 722 ruit
341 681 351 738 3
365 665 484 722 ventus
499 663 609 720 autern
622 665 731 722 restes
746 657 817 742 ejus
830 655 865 722 in
880 657 999 724 collum
1015 661 1171 748 propulit,
1192 674 1231 730 ut
1245 664 1369 734 domini
1386 673 1470 758 regia

271 770 305 827 et
316 760 423 826 lterici
438 757 540 825 oculis
551 759 663 823 invitis
674 759 844 824 manifesta
853 760 946 826 fieret
958 764 1074 830 misera
1084 764 1203 830 veritas
1212 769 1471 852 pudendorum*

272 865 353 944 Rex,
368 873 407 928 ut
431 862 538 928 omnia
553 860 677 926 lacetiae
698 860 882 940 thesaurus,
903 862 1111 931 dissimulans
1134 868 1263 934 vultum
1286 875 1414 955 avertit,
1437 882 1471 941 et

269 969 380 1033 tacuit.
425 965 560 1031 Renoua
576 974 685 1030 autem
699 965 811 1030 intulit
825 975 960 1047 secreto,
975 967 1185 1034 “Maledicta
1199 973 1310 1058 religio
1325 997 1397 1060 quoe
1413 977 1470 1044 de.

268 1070 357 1135 velat
370 1091 468 1134 anum
479 1067 510 1133 !''
553 1067 626 1153 Ego
640 1065 777 1131 verbum
791 1067 911 1147 audivi,
926 1077 961 1132 et
974 1068 1074 1148 dolui,
1089 1072 1177 1156 quod
1192 1074 1298 1139 derisa
1312 1088 1363 1141 est
1377 1101 1470 1145 sanc-

270 1175 357 1253 titas,
378 1173 455 1238 licet
479 1179 597 1236 ventus
622 1193 689 1236 non
711 1170 832 1255 injuste
861 1170 896 1234 in
920 1170 991 1235 loca
1019 1171 1083 1236 sibi
1112 1195 1266 1240 concessa
1288 1178 1469 1266 impegerit.

269 1276 503 1341 Verumtamen
527 1273 555 1338 si
569 1271 629 1338 tibi
644 1293 757 1358 peccas
773 1282 806 1338 et
820 1272 920 1338 vestis
936 1294 1049 1358 aspera
1062 1275 1231 1362 gravisque
1246 1278 1347 1360 labor,
1363 1283 1469 1367 qualia

268 1378 456 1444 describunt
468 1377 538 1442 hoec
549 1375 685 1461 singula,
700 1373 835 1440 modum
850 1374 938 1439 carni
949 1397 1017 1442 auru
1031 1399 1152 1462 ponere
1166 1403 1234 1444 non
1250 1394 1400 1466 possunt,
1412 1386 1469 1450 de·

269 1480 490 1566 sideraturque
501 1485 618 1545 ventus
627 1499 687 1564 pro
702 1479 794 1543 freno
805 1477 936 1557 Veneri,
945 1476 1070 1544 bonum
1085 1489 1137 1546 est
1150 1491 1189 1546 ut
1199 1481 1322 1549 braccis
1337 1499 1467 1554 careant

268 1593 303 1649 et
331 1581 547 1646 insufflentur.
592 1580 667 1646 Scio
696 1579 784 1665 quod
814 1599 888 1644 caro
914 1589 1036 1660 nostra,
1064 1584 1230 1649 mundana
1253 1585 1374 1652 scilicet
1399 1611 1466 1654 non

268 1685 419 1764 coelestia,
440 1683 540 1749 tantis
554 1703 622 1748 non
644 1692 718 1768 eget
737 1682 779 1746 ad
793 1681 864 1746 hrec
877 1681 963 1748 bella
977 1683 1099 1768 clipeis,
1122 1685 1198 1769 quia
1212 1685 1283 1752 sine
1299 1687 1416 1754 Cerere
1430 1699 1466 1755 st

268 1784 398 1849 Baccho
423 1793 534 1848 nostra
557 1779 653 1866 friget
666 1782 799 1858 Venus;
822 1780 881 1844 aed
900 1780 1038 1848 forsitan
1063 1785 1179 1851 fortior
1198 1786 1233 1851 in
1255 1807 1312 1854 eos
1326 1787 1466 1876 insurgit

266 1886 382 1968 hostis,
403 1907 486 1972 quos
503 1883 628 1948 firmius
653 1883 748 1948 novit
768 1881 907 1947 clausos.
952 1883 1136 1950 Monachus
1152 1897 1261 1953 umen
1277 1889 1333 1974 qui
1348 1891 1465 1959 cecidit

265 1988 435 2054 honestius
447 1986 649 2064 surrexisset,
671 1983 700 2048 si
713 1983 921 2069 corporaliter
934 1985 1063 2051 clausus
1078 1988 1204 2054 fuisset.

309 2087 468 2154 Oblivisci
481 2108 548 2151 non
563 2107 698 2172 possum
713 2087 801 2172 quod
817 2085 951 2152 Hebroei
971 2098 1048 2153 sunt
1067 2098 1101 2154 et
1119 2113 1181 2156 nos
1196 2093 1376 2178 AEgyptii.1
1421 2097 1462 2162 In

265 2213 332 2255 uno
347 2199 433 2256 certe
449 2211 561 2253 sumus
576 2187 735 2274 AEgyptii,
757 2188 845 2274 quod
861 2189 1037 2274 spoliamur
1046 2216 1056 2272 3
1079 2191 1126 2256 illi
1148 2201 1258 2260 tamen
1273 2205 1390 2279 sponte
1405 2199 1461 2282 qui

266 2316 324 2360 aua
338 2291 554 2370 crediderunt,
575 2311 637 2355 nos
650 2290 745 2354 inviti
760 2290 816 2376 qui
831 2291 970 2356 scientes
985 2301 1019 2356 et
1032 2292 1209 2376 prudentes
1219 2295 1365 2379 rapinam
1380 2299 1463 2384 pati·

265 2419 348 2462 mur.
371 2395 436 2461 Sed
450 2394 496 2458 illi
512 2393 638 2458 suntin
653 2391 765 2456 multis
786 2389 930 2471 Hebraei,
954 2393 1010 2476 qui
1024 2393 1194 2479 spoliando
1209 2405 1247 2460 ut
1260 2395 1295 2460 in
1304 2399 1461 2485 AEgypto,

264 2501 320 2586 qui
337 2498 498 2585 jurgando
519 2506 558 2561 ut
580 2495 622 2559 ad
643 2503 769 2581 petram
789 2492 891 2573 Oreb,
913 2494 1044 2559 stelias
1066 2495 1107 2560 ad
1127 2485 1226 2581 aquas
1246 2500 1461 2584 contritionis,

263 2603 319 2689 qui
333 2600 504 2687 cupiendo,
518 2608 557 2664 ut
571 2607 684 2664 contra
697 2605 896 2684 preceptum
912 2594 1024 2682 Moysi
1039 2596 1080 2661 de
1093 2617 1208 2682 gomor
1218 2621 1285 2664 non
1301 2605 1461 2670 servando

263 2707 298 2770 in
313 2697 499 2782 crastinum,
521 2701 577 2788 qui
590 2701 697 2768 virum
719 2701 844 2787 justum
870 2699 921 2763 Ur
945 2697 1135 2782 suffocando
1158 2701 1275 2787 sputis,
1297 2701 1331 2766 in
1347 2705 1459 2770 multis

263 2807 332 2871 aliia
355 2805 472 2887 modis,
494 2825 574 2868 num
588 2824 647 2888 per
666 2801 876 2890 quadraginta
890 2799 1014 2865 dictum
1028 2809 1080 2865 est
1094 2801 1142 2866 eis
1156 2825 1260 2868 annos
1276 2825 1404 2889 semper
1424 2809 1461 2872 hi

263 2919 370 2976 errant
394 2906 501 2974 corde.
544 2906 728 2991 Tangamns
753 2903 887 2988 insuper
911 2901 1127 2968 Hebraeorum
1153 2905 1194 2969 de
1221 2905 1321 2990 gestis
1343 2907 1460 2994 aliqua,

263 3013 373 3079 multia
388 3022 497 3076 tamen
512 3008 640 3074 omissis
655 3030 696 3073 ex
719 3007 835 3071 amaris
857 3005 1047 3085 annalibus3
1068 3006 1259 3072 omittamus
1281 3008 1322 3074 de
1343 3010 1457 3078 arbore

262 3137 333 3202 quar
347 3114 505 3182 terminus
519 3119 589 3178 erat
603 3130 752 3196 agrorum
775 3129 910 3175 auorum
932 3109 1029 3194 longe
1054 3107 1161 3174 ablata
1185 3111 1227 3178 de
1248 3122 1346 3178 nocte
1361 3135 1460 3202 super

291 3399 307 3431 ⁸
323 3397 437 3463 Nigellns
452 3396 575 3455 winter,
593 3393 717 3457 aatlrlrlng
728 3393 771 3443 the
785 3393 841 3443 cir-
908 3391 1037 3455 Numquid
1058 3391 1089 3440 ds
1110 3391 1207 3456 reliquo
1228 3391 1366 3443 monachus
1387 3395 1458 3446 albus

258 3480 353 3530 tarcian
374 3480 472 3537 monlra,
491 3493 571 3528 seems
588 3481 615 3526 to
634 3476 714 3526 allude
730 3479 757 3525 to
773 3489 842 3524 some
972 3473 1033 3521 ero?

258 3561 321 3611 ancli
331 3559 443 3608 incidant
452 3573 480 3607 n
491 3559 542 3608 thia
551 3576 593 3606 ε-
875 3553 1027 3616 Dispenaurc
1054 3556 1138 3602 tamen
1164 3567 1262 3602 mecum
1288 3557 1408 3617 poterunt
1432 3559 1460 3606 et

258 3641 327 3705 Ergo
344 3639 405 3703 quid
418 3639 533 3699 facerem,
549 3637 650 3688 renisus
666 3637 792 3688 dventu
810 3633 842 3683 ab
971 3637 1080 3694 oportet,

357 3723 443 3770 austro
730 3719 732 3722 '
906 3713 947 3762 Ne
957 3713 1008 3775 pila
1018 3727 1093 3777 quam
1103 3718 1176 3776 porto
1192 3713 1225 3763 alt
1235 3713 1366 3764 mmllesta
1375 3716 1440 3765 toro.

291 3801 498 3853 Nudamtaublto
509 3799 646 3865 portsrlora
654 3799 726 3850 mea?
905 3793 1457 3858 turpesappamtoauadatoaomutau

260 3884 365 3938 Quodsi
376 3883 506 3948 confimat
520 3897 576 3932 maa
593 3882 660 3932 noda
674 3878 789 3946 pudenda
803 3877 840 3929 vl·
873 3875 903 3926 ol
910 3873 950 3924 his
961 3874 1021 3926 time
1034 3875 1062 3924 ln
1071 3874 1152 3924 which
1163 3875 1206 3926 the
1219 3875 1356 3928 Clarenna
1365 3878 1457 3930 mocks

357 3965 419 4026 deri,
872 3955 1244 4022 usurpotearartmuma.
