<?xml version="1.0" encoding="UTF-8"?>
<!DOCTYPE html PUBLIC "-//W3C//DTD XHTML 1.0 Transitional//EN"
    "http://www.w3.org/TR/xhtml1/DTD/xhtml1-transitional.dtd">
<html xmlns="http://www.w3.org/1999/xhtml" xml:lang="en" lang="en">
 <head>
  <title>
</title>
<meta http-equiv="Content-Type" content="text/html;charset=utf-8" />
  <meta name='ocr-system' content='tesseract 3.04.00' />
  <meta name='ocr-capabilities' content='ocr_page ocr_carea ocr_par ocr_line ocrx_word'/>
</head>
<body>
  <div class='ocr_page' id='page_1' title='image "./gualterimapesde00mapgoog/gualterimapesde00mapgoog_0044.png"; bbox 0 0 3650 4852; ppageno 0'>
   <div class='ocr_carea' id='block_1_1' title="bbox 252 487 1440 557">
    <p class='ocr_par' dir='ltr' id='par_1_1' title="bbox 252 487 1440 557">
     <span class='ocr_line' id='line_1_1' title="bbox 252 487 1440 557; baseline 0.005 -15"><span class='ocrx_word' id='word_1_1' title='bbox 252 493 450 557; x_wconf 54' lang='lat' dir='ltr'>comeatu]</span> <span class='ocrx_word' id='word_1_2' title='bbox 628 495 676 540; x_wconf 79' lang='lat' dir='ltr'>ne</span> <span class='ocrx_word' id='word_1_3' title='bbox 700 497 812 542; x_wconf 80' lang='lat' dir='ltr'>nutus</span> <span class='ocrx_word' id='word_1_4' title='bbox 835 497 1059 548; x_wconf 75' lang='grc' dir='ltr'>ουιιιΛιιωι.</span> <span class='ocrx_word' id='word_1_5' title='bbox 1401 487 1440 548; x_wconf 82' lang='lat' dir='ltr'>ut</span> 
     </span>
    </p>
   </div>
   <div class='ocr_carea' id='block_1_2' title="bbox 233 641 1441 1650">
    <p class='ocr_par' dir='ltr' id='par_1_2' title="bbox 233 641 1441 1650">
     <span class='ocr_line' id='line_1_2' title="bbox 234 641 1441 739; baseline 0.011 -33"><span class='ocrx_word' id='word_1_6' title='bbox 234 641 393 724; x_wconf 78' lang='lat' dir='ltr'>habitum,</span> <span class='ocrx_word' id='word_1_7' title='bbox 408 644 663 730; x_wconf 78' lang='lat' dir='ltr'><strong>distractumque</strong></span> <span class='ocrx_word' id='word_1_8' title='bbox 686 647 777 732; x_wconf 87' lang='lat' dir='ltr'>prius</span> <span class='ocrx_word' id='word_1_9' title='bbox 800 659 958 736; x_wconf 90' lang='lat' dir='ltr'>tempore,</span> <span class='ocrx_word' id='word_1_10' title='bbox 984 651 1106 717; x_wconf 90' lang='lat' dir='ltr'>scilicet</span> <span class='ocrx_word' id='word_1_11' title='bbox 1119 651 1254 732; x_wconf 64' lang='lat' dir='ltr'>militiae,</span> <span class='ocrx_word' id='word_1_12' title='bbox 1270 653 1441 739; x_wconf 76' lang='lat' dir='ltr'>singularis</span> 
     </span>
     <span class='ocr_line' id='line_1_3' title="bbox 236 744 1440 838; baseline 0.01 -30"><span class='ocrx_word' id='word_1_13' title='bbox 236 744 334 808; x_wconf 87' lang='lat' dir='ltr'>enimi</span> <span class='ocrx_word' id='word_1_14' title='bbox 360 745 487 830; x_wconf 85' lang='lat' dir='ltr'>copiam</span> <span class='ocrx_word' id='word_1_15' title='bbox 510 746 648 832; x_wconf 88' lang='lat' dir='ltr'>adeptus</span> <span class='ocrx_word' id='word_1_16' title='bbox 672 749 770 813; x_wconf 86' lang='lat' dir='ltr'>etiam</span> <span class='ocrx_word' id='word_1_17' title='bbox 799 752 942 836; x_wconf 89' lang='lat' dir='ltr'>quietem</span> <span class='ocrx_word' id='word_1_18' title='bbox 972 754 1090 838; x_wconf 82' lang='lat' dir='ltr'>adegit,</span> <span class='ocrx_word' id='word_1_19' title='bbox 1112 755 1146 818; x_wconf 92' lang='lat' dir='ltr'>in</span> <span class='ocrx_word' id='word_1_20' title='bbox 1171 777 1273 818; x_wconf 91' lang='lat' dir='ltr'>unum</span> <span class='ocrx_word' id='word_1_21' title='bbox 1296 756 1440 820; x_wconf 81' lang='lat' dir='ltr'><strong>collectis</strong></span> 
     </span>
     <span class='ocr_line' id='line_1_4' title="bbox 234 846 1441 940; baseline 0.011 -30"><span class='ocrx_word' id='word_1_22' title='bbox 234 846 369 926; x_wconf 82' lang='lat' dir='ltr'>viribus,</span> <span class='ocrx_word' id='word_1_23' title='bbox 384 869 418 912; x_wconf 88' lang='lat' dir='ltr'>se</span> <span class='ocrx_word' id='word_1_24' title='bbox 434 847 544 912; x_wconf 89' lang='lat' dir='ltr'>subito</span> <span class='ocrx_word' id='word_1_25' title='bbox 558 858 690 933; x_wconf 84' lang='lat' dir='ltr'>poetam</span> <span class='ocrx_word' id='word_1_26' title='bbox 705 853 877 935; x_wconf 82' lang='lat' dir='ltr'>persensit,</span> <span class='ocrx_word' id='word_1_27' title='bbox 894 876 952 918; x_wconf 89' lang='lat' dir='ltr'>sua</span> <span class='ocrx_word' id='word_1_28' title='bbox 978 856 1142 939; x_wconf 92' lang='lat' dir='ltr'>quomodo</span> <span class='ocrx_word' id='word_1_29' title='bbox 1169 857 1289 940; x_wconf 86' lang='lat' dir='ltr'>lingua,</span> <span class='ocrx_word' id='word_1_30' title='bbox 1317 859 1441 923; x_wconf 89' lang='lat' dir='ltr'>scilicet</span> 
     </span>
     <span class='ocr_line' id='line_1_5' title="bbox 236 947 1438 1036; baseline 0.008 -24"><span class='ocrx_word' id='word_1_31' title='bbox 236 947 371 1028; x_wconf 79' lang='lat' dir='ltr'>Gallica,</span> <span class='ocrx_word' id='word_1_32' title='bbox 396 950 563 1035; x_wconf 88' lang='lat' dir='ltr'>preciosus</span> <span class='ocrx_word' id='word_1_33' title='bbox 589 951 757 1036; x_wconf 84' lang='lat' dir='ltr'>effulgens,</span> <span class='ocrx_word' id='word_1_34' title='bbox 771 952 926 1018; x_wconf 80' lang='lat' dir='ltr'>laicorum</span> <span class='ocrx_word' id='word_1_35' title='bbox 943 954 1109 1019; x_wconf 84' lang='lat' dir='ltr'>Homerus</span> <span class='ocrx_word' id='word_1_36' title='bbox 1131 957 1204 1022; x_wconf 75' lang='lat' dir='ltr'>fuit,</span> <span class='ocrx_word' id='word_1_37' title='bbox 1249 957 1313 1022; x_wconf 82' lang='lat' dir='ltr'>Hae</span> <span class='ocrx_word' id='word_1_38' title='bbox 1337 959 1438 1030; x_wconf 85' lang='lat' dir='ltr'>mihi!</span> 
     </span>
     <span class='ocr_line' id='line_1_6' title="bbox 235 1049 1440 1137; baseline 0.009 -23"><span class='ocrx_word' id='word_1_39' title='bbox 235 1049 359 1114; x_wconf 85' lang='lat' dir='ltr'>utinam</span> <span class='ocrx_word' id='word_1_40' title='bbox 385 1051 524 1116; x_wconf 73' lang='lat' dir='ltr'>inducia</span> <span class='ocrx_word' id='word_1_41' title='bbox 539 1073 580 1116; x_wconf 92' lang='lat' dir='ltr'>ne</span> <span class='ocrx_word' id='word_1_42' title='bbox 595 1072 653 1137; x_wconf 90' lang='lat' dir='ltr'>per</span> <span class='ocrx_word' id='word_1_43' title='bbox 668 1053 789 1118; x_wconf 87' lang='lat' dir='ltr'>multos</span> <span class='ocrx_word' id='word_1_44' title='bbox 805 1053 930 1120; x_wconf 82' lang='lat' dir='ltr'>diffusae</span> <span class='ocrx_word' id='word_1_45' title='bbox 956 1057 1075 1120; x_wconf 89' lang='lat' dir='ltr'>mentis</span> <span class='ocrx_word' id='word_1_46' title='bbox 1098 1058 1205 1122; x_wconf 77' lang='lat' dir='ltr'>radios</span> <span class='ocrx_word' id='word_1_47' title='bbox 1232 1080 1320 1124; x_wconf 87' lang='lat' dir='ltr'>error</span> <span class='ocrx_word' id='word_1_48' title='bbox 1345 1061 1440 1125; x_wconf 86' lang='lat' dir='ltr'>scloe·</span> 
     </span>
     <span class='ocr_line' id='line_1_7' title="bbox 235 1152 1439 1244; baseline 0.008 -28"><span class='ocrx_word' id='word_1_49' title='bbox 235 1152 372 1218; x_wconf 90' lang='lat' dir='ltr'>oismum</span> <span class='ocrx_word' id='word_1_50' title='bbox 395 1154 501 1220; x_wconf 80' lang='lat' dir='ltr'>faciat.</span> <span class='ocrx_word' id='word_1_51' title='bbox 546 1154 692 1241; x_wconf 88' lang='lat' dir='ltr'>Hicjam</span> <span class='ocrx_word' id='word_1_52' title='bbox 708 1155 932 1222; x_wconf 75' lang='lat' dir='ltr'>cluniacensis</span> <span class='ocrx_word' id='word_1_53' title='bbox 958 1159 1138 1224; x_wconf 86' lang='lat' dir='ltr'>monachus</span> <span class='ocrx_word' id='word_1_54' title='bbox 1160 1161 1230 1244; x_wconf 88' lang='lat' dir='ltr'>jam</span> <span class='ocrx_word' id='word_1_55' title='bbox 1256 1161 1343 1226; x_wconf 90' lang='lat' dir='ltr'>dicto</span> <span class='ocrx_word' id='word_1_56' title='bbox 1369 1162 1439 1226; x_wconf 89' lang='lat' dir='ltr'>Im·</span> 
     </span>
     <span class='ocr_line' id='line_1_8' title="bbox 233 1253 1439 1344; baseline 0.008 -24"><span class='ocrx_word' id='word_1_57' title='bbox 233 1253 326 1320; x_wconf 86' lang='lat' dir='ltr'>berto</span> <span class='ocrx_word' id='word_1_58' title='bbox 340 1256 408 1321; x_wconf 88' lang='lat' dir='ltr'>filio</span> <span class='ocrx_word' id='word_1_59' title='bbox 424 1278 495 1338; x_wconf 88' lang='lat' dir='ltr'>suo,</span> <span class='ocrx_word' id='word_1_60' title='bbox 509 1257 586 1323; x_wconf 90' lang='lat' dir='ltr'>licet</span> <span class='ocrx_word' id='word_1_61' title='bbox 596 1258 652 1322; x_wconf 85' lang='lat' dir='ltr'>vix</span> <span class='ocrx_word' id='word_1_62' title='bbox 667 1258 858 1343; x_wconf 87' lang='lat' dir='ltr'>impetratus</span> <span class='ocrx_word' id='word_1_63' title='bbox 873 1260 914 1324; x_wconf 86' lang='lat' dir='ltr'>ab</span> <span class='ocrx_word' id='word_1_64' title='bbox 936 1260 1053 1327; x_wconf 77' lang='lat' dir='ltr'>abbate</span> <span class='ocrx_word' id='word_1_65' title='bbox 1077 1273 1112 1328; x_wconf 92' lang='lat' dir='ltr'>et</span> <span class='ocrx_word' id='word_1_66' title='bbox 1136 1274 1310 1344; x_wconf 87' lang='lat' dir='ltr'>conventu,</span> <span class='ocrx_word' id='word_1_67' title='bbox 1336 1274 1439 1330; x_wconf 86' lang='lat' dir='ltr'>totam</span> 
     </span>
     <span class='ocr_line' id='line_1_9' title="bbox 233 1360 1437 1448; baseline 0.007 -25"><span class='ocrx_word' id='word_1_68' title='bbox 233 1366 351 1424; x_wconf 87' lang='lat' dir='ltr'>terram</span> <span class='ocrx_word' id='word_1_69' title='bbox 366 1381 470 1439; x_wconf 87' lang='lat' dir='ltr'>suam,</span> <span class='ocrx_word' id='word_1_70' title='bbox 486 1382 583 1445; x_wconf 89' lang='lat' dir='ltr'>quam</span> <span class='ocrx_word' id='word_1_71' title='bbox 596 1360 684 1425; x_wconf 91' lang='lat' dir='ltr'>idem</span> <span class='ocrx_word' id='word_1_72' title='bbox 707 1360 793 1424; x_wconf 87' lang='lat' dir='ltr'>filius</span> <span class='ocrx_word' id='word_1_73' title='bbox 815 1383 874 1447; x_wconf 93' lang='lat' dir='ltr'>per</span> <span class='ocrx_word' id='word_1_74' title='bbox 896 1373 1092 1448; x_wconf 87' lang='lat' dir='ltr'>potestatem</span> <span class='ocrx_word' id='word_1_75' title='bbox 1115 1365 1260 1430; x_wconf 91' lang='lat' dir='ltr'>hostium</span> <span class='ocrx_word' id='word_1_76' title='bbox 1284 1376 1318 1431; x_wconf 92' lang='lat' dir='ltr'>et</span> <span class='ocrx_word' id='word_1_77' title='bbox 1344 1389 1437 1432; x_wconf 87' lang='lat' dir='ltr'>suam</span> 
     </span>
     <span class='ocr_line' id='line_1_10' title="bbox 233 1460 1438 1554; baseline 0.008 -30"><span class='ocrx_word' id='word_1_78' title='bbox 233 1460 458 1546; x_wconf 78' lang='lat' dir='ltr'>impotentiam</span> <span class='ocrx_word' id='word_1_79' title='bbox 480 1463 642 1542; x_wconf 83' lang='lat' dir='ltr'>amiserat,</span> <span class='ocrx_word' id='word_1_80' title='bbox 665 1473 788 1528; x_wconf 84' lang='lat' dir='ltr'>armata</span> <span class='ocrx_word' id='word_1_81' title='bbox 809 1487 907 1529; x_wconf 88' lang='lat' dir='ltr'>manu</span> <span class='ocrx_word' id='word_1_82' title='bbox 930 1467 1084 1532; x_wconf 86' lang='lat' dir='ltr'>restituit.</span> <span class='ocrx_word' id='word_1_83' title='bbox 1129 1468 1366 1554; x_wconf 80' lang='lat' dir='ltr'>Reversusque‚</span> <span class='ocrx_word' id='word_1_84' title='bbox 1381 1470 1438 1534; x_wconf 86' lang='lat' dir='ltr'>de·</span> 
     </span>
     <span class='ocr_line' id='line_1_11' title="bbox 233 1564 1238 1650; baseline 0.004 -20"><span class='ocrx_word' id='word_1_85' title='bbox 233 1573 330 1630; x_wconf 80' lang='lat' dir='ltr'>votus</span> <span class='ocrx_word' id='word_1_86' title='bbox 345 1564 379 1627; x_wconf 93' lang='lat' dir='ltr'>in</span> <span class='ocrx_word' id='word_1_87' title='bbox 394 1573 472 1631; x_wconf 83' lang='lat' dir='ltr'>voto</span> <span class='ocrx_word' id='word_1_88' title='bbox 487 1565 675 1650; x_wconf 87' lang='lat' dir='ltr'>persistens,</span> <span class='ocrx_word' id='word_1_89' title='bbox 691 1565 777 1630; x_wconf 90' lang='lat' dir='ltr'>diem</span> <span class='ocrx_word' id='word_1_90' title='bbox 792 1589 889 1631; x_wconf 88' lang='lat' dir='ltr'>suum</span> <span class='ocrx_word' id='word_1_91' title='bbox 904 1568 990 1634; x_wconf 77' lang='lat' dir='ltr'>felici</span> <span class='ocrx_word' id='word_1_92' title='bbox 1005 1569 1123 1634; x_wconf 83' lang='lat' dir='ltr'>clausit</span> <span class='ocrx_word' id='word_1_93' title='bbox 1137 1571 1238 1635; x_wconf 85' lang='lat' dir='ltr'>exitu.</span> 
     </span>
    </p>
   </div>
   <div class='ocr_carea' id='block_1_3' title="bbox 404 1753 1273 1836">
    <p class='ocr_par' dir='ltr' id='par_1_3' title="bbox 404 1753 1273 1836">
     <span class='ocr_line' id='line_1_12' title="bbox 404 1753 1273 1836; baseline 0.007 -20"><span class='ocrx_word' id='word_1_94' title='bbox 404 1753 484 1816; x_wconf 77' lang='lat' dir='ltr'>Item</span> <span class='ocrx_word' id='word_1_95' title='bbox 497 1755 536 1817; x_wconf 75' lang='lat' dir='ltr'>dc</span> <span class='ocrx_word' id='word_1_96' title='bbox 546 1755 681 1836; x_wconf 60' lang='lat' dir='ltr'>modom</span> <span class='ocrx_word' id='word_1_97' title='bbox 695 1755 759 1818; x_wconf 81' lang='lat' dir='ltr'>ulio</span> <span class='ocrx_word' id='word_1_98' title='bbox 774 1757 923 1820; x_wconf 78' lang='lat' dir='ltr'>nmaccho</span> <span class='ocrx_word' id='word_1_99' title='bbox 942 1757 1151 1822; x_wconf 60' lang='lat' dir='ltr'>clunicense.</span> <span class='ocrx_word' id='word_1_100' title='bbox 1194 1756 1273 1822; x_wconf 89' lang='lat' dir='ltr'>xiiii.</span> 
     </span>
    </p>
   </div>
   <div class='ocr_carea' id='block_1_4' title="bbox 222 1863 1437 3681">
    <p class='ocr_par' dir='ltr' id='par_1_4' title="bbox 222 1863 1437 3681">
     <span class='ocr_line' id='line_1_13' title="bbox 274 1863 1435 1952; baseline 0.005 -25"><span class='ocrx_word' id='word_1_101' title='bbox 274 1864 321 1927; x_wconf 84' lang='lat' dir='ltr'>At</span> <span class='ocrx_word' id='word_1_102' title='bbox 335 1863 427 1928; x_wconf 83' lang='lat' dir='ltr'>aliter</span> <span class='ocrx_word' id='word_1_103' title='bbox 441 1863 495 1927; x_wconf 86' lang='lat' dir='ltr'>alii</span> <span class='ocrx_word' id='word_1_104' title='bbox 505 1864 663 1951; x_wconf 86' lang='lat' dir='ltr'>longeque</span> <span class='ocrx_word' id='word_1_105' title='bbox 677 1863 891 1928; x_wconf 83' lang='lat' dir='ltr'>miserabilius</span> <span class='ocrx_word' id='word_1_106' title='bbox 902 1867 1039 1952; x_wconf 79' lang='lat' dir='ltr'>contigit</span> <span class='ocrx_word' id='word_1_107' title='bbox 1052 1866 1122 1932; x_wconf 82' lang='lat' dir='ltr'>viro</span> <span class='ocrx_word' id='word_1_108' title='bbox 1132 1866 1235 1933; x_wconf 91' lang='lat' dir='ltr'>nobili</span> <span class='ocrx_word' id='word_1_109' title='bbox 1243 1877 1277 1932; x_wconf 92' lang='lat' dir='ltr'>et</span> <span class='ocrx_word' id='word_1_110' title='bbox 1285 1868 1435 1945; x_wconf 88' lang='lat' dir='ltr'>facundo,</span> 
     </span>
     <span class='ocr_line' id='line_1_14' title="bbox 229 1966 1435 2051; baseline 0.005 -22"><span class='ocrx_word' id='word_1_111' title='bbox 229 1966 286 2051; x_wconf 91' lang='lat' dir='ltr'>qui</span> <span class='ocrx_word' id='word_1_112' title='bbox 301 1966 448 2030; x_wconf 88' lang='lat' dir='ltr'>similiter</span> <span class='ocrx_word' id='word_1_113' title='bbox 461 1967 606 2050; x_wconf 86' lang='lat' dir='ltr'>ejusdem</span> <span class='ocrx_word' id='word_1_114' title='bbox 621 1968 685 2032; x_wconf 90' lang='lat' dir='ltr'>loci</span> <span class='ocrx_word' id='word_1_115' title='bbox 699 1968 878 2032; x_wconf 89' lang='lat' dir='ltr'>monachus</span> <span class='ocrx_word' id='word_1_116' title='bbox 894 1969 991 2034; x_wconf 85' lang='lat' dir='ltr'>simili</span> <span class='ocrx_word' id='word_1_117' title='bbox 1012 1971 1111 2034; x_wconf 90' lang='lat' dir='ltr'>modo</span> <span class='ocrx_word' id='word_1_118' title='bbox 1135 1993 1213 2035; x_wconf 87' lang='lat' dir='ltr'>casu</span> <span class='ocrx_word' id='word_1_119' title='bbox 1239 1971 1354 2036; x_wconf 90' lang='lat' dir='ltr'>eodem</span> <span class='ocrx_word' id='word_1_120' title='bbox 1377 1993 1435 2035; x_wconf 89' lang='lat' dir='ltr'>ne·</span> 
     </span>
     <span class='ocr_line' id='line_1_15' title="bbox 231 2068 1435 2157; baseline 0.004 -25"><span class='ocrx_word' id='word_1_121' title='bbox 231 2069 369 2132; x_wconf 88' lang='lat' dir='ltr'>cessario</span> <span class='ocrx_word' id='word_1_122' title='bbox 384 2078 553 2132; x_wconf 87' lang='lat' dir='ltr'>revocatus</span> <span class='ocrx_word' id='word_1_123' title='bbox 568 2070 609 2133; x_wconf 90' lang='lat' dir='ltr'>ad</span> <span class='ocrx_word' id='word_1_124' title='bbox 624 2090 723 2148; x_wconf 82' lang='lat' dir='ltr'>arma,</span> <span class='ocrx_word' id='word_1_125' title='bbox 750 2069 853 2134; x_wconf 85' lang='lat' dir='ltr'>multa</span> <span class='ocrx_word' id='word_1_126' title='bbox 878 2068 1039 2135; x_wconf 90' lang='lat' dir='ltr'>bellorum</span> <span class='ocrx_word' id='word_1_127' title='bbox 1063 2071 1242 2136; x_wconf 85' lang='lat' dir='ltr'>infortunia</span> <span class='ocrx_word' id='word_1_128' title='bbox 1265 2073 1435 2157; x_wconf 86' lang='lat' dir='ltr'>magnifice</span> 
     </span>
     <span class='ocr_line' id='line_1_16' title="bbox 231 2169 1437 2256; baseline 0.004 -24"><span class='ocrx_word' id='word_1_129' title='bbox 231 2169 370 2253; x_wconf 84' lang='lat' dir='ltr'>fortique</span> <span class='ocrx_word' id='word_1_130' title='bbox 384 2191 558 2254; x_wconf 87' lang='lat' dir='ltr'>perpessus</span> <span class='ocrx_word' id='word_1_131' title='bbox 573 2171 693 2250; x_wconf 83' lang='lat' dir='ltr'>animo,</span> <span class='ocrx_word' id='word_1_132' title='bbox 708 2192 727 2233; x_wconf 87' lang='lat' dir='ltr'>a</span> <span class='ocrx_word' id='word_1_133' title='bbox 741 2172 881 2236; x_wconf 85' lang='lat' dir='ltr'>fractura</span> <span class='ocrx_word' id='word_1_134' title='bbox 896 2192 1025 2256; x_wconf 86' lang='lat' dir='ltr'>semper</span> <span class='ocrx_word' id='word_1_135' title='bbox 1038 2193 1145 2235; x_wconf 86' lang='lat' dir='ltr'>novus</span> <span class='ocrx_word' id='word_1_136' title='bbox 1159 2172 1387 2237; x_wconf 86' lang='lat' dir='ltr'>renascebatur</span> <span class='ocrx_word' id='word_1_137' title='bbox 1395 2173 1437 2238; x_wconf 90' lang='lat' dir='ltr'>ad</span> 
     </span>
     <span class='ocr_line' id='line_1_17' title="bbox 229 2271 1435 2356; baseline 0 -21"><span class='ocrx_word' id='word_1_138' title='bbox 229 2271 388 2356; x_wconf 77' lang='lat' dir='ltr'>praelium,</span> <span class='ocrx_word' id='word_1_139' title='bbox 403 2280 437 2335; x_wconf 90' lang='lat' dir='ltr'>et</span> <span class='ocrx_word' id='word_1_140' title='bbox 450 2272 542 2356; x_wconf 86' lang='lat' dir='ltr'>quasi</span> <span class='ocrx_word' id='word_1_141' title='bbox 556 2271 700 2336; x_wconf 83' lang='lat' dir='ltr'>redivivo</span> <span class='ocrx_word' id='word_1_142' title='bbox 715 2273 824 2335; x_wconf 85' lang='lat' dir='ltr'>furore</span> <span class='ocrx_word' id='word_1_143' title='bbox 839 2293 1014 2336; x_wconf 88' lang='lat' dir='ltr'>succensus</span> <span class='ocrx_word' id='word_1_144' title='bbox 1041 2272 1185 2338; x_wconf 74' lang='lat' dir='ltr'>acerbior</span> <span class='ocrx_word' id='word_1_145' title='bbox 1209 2271 1376 2338; x_wconf 81' lang='lat' dir='ltr'>involabat</span> <span class='ocrx_word' id='word_1_146' title='bbox 1398 2273 1435 2336; x_wconf 90' lang='lat' dir='ltr'>in</span> 
     </span>
     <span class='ocr_line' id='line_1_18' title="bbox 228 2373 1436 2460; baseline 0.002 -23"><span class='ocrx_word' id='word_1_147' title='bbox 228 2374 352 2452; x_wconf 87' lang='lat' dir='ltr'>hostes,</span> <span class='ocrx_word' id='word_1_148' title='bbox 378 2384 411 2438; x_wconf 92' lang='lat' dir='ltr'>et</span> <span class='ocrx_word' id='word_1_149' title='bbox 425 2375 493 2439; x_wconf 86' lang='lat' dir='ltr'>sive</span> <span class='ocrx_word' id='word_1_150' title='bbox 506 2376 655 2460; x_wconf 78' lang='lat' dir='ltr'>fugerent</span> <span class='ocrx_word' id='word_1_151' title='bbox 670 2375 739 2438; x_wconf 86' lang='lat' dir='ltr'>sire</span> <span class='ocrx_word' id='word_1_152' title='bbox 760 2373 948 2439; x_wconf 87' lang='lat' dir='ltr'>resisterent</span> <span class='ocrx_word' id='word_1_153' title='bbox 974 2375 1020 2438; x_wconf 90' lang='lat' dir='ltr'>eis</span> <span class='ocrx_word' id='word_1_154' title='bbox 1046 2375 1228 2438; x_wconf 85' lang='lat' dir='ltr'>indefessus</span> <span class='ocrx_word' id='word_1_155' title='bbox 1251 2373 1436 2439; x_wconf 70' lang='lat' dir='ltr'>adherebat</span> 
     </span>
     <span class='ocr_line' id='line_1_19' title="bbox 228 2476 1435 2562; baseline 0 -22"><span class='ocrx_word' id='word_1_156' title='bbox 228 2485 266 2541; x_wconf 94' lang='lat' dir='ltr'>ut</span> <span class='ocrx_word' id='word_1_157' title='bbox 278 2476 460 2562; x_wconf 84' lang='lat' dir='ltr'>glutinum3</span> <span class='ocrx_word' id='word_1_158' title='bbox 486 2485 608 2540; x_wconf 91' lang='lat' dir='ltr'>etcum</span> <span class='ocrx_word' id='word_1_159' title='bbox 631 2498 804 2541; x_wconf 86' lang='lat' dir='ltr'>numerosa</span> <span class='ocrx_word' id='word_1_160' title='bbox 826 2496 925 2539; x_wconf 89' lang='lat' dir='ltr'>manu</span> <span class='ocrx_word' id='word_1_161' title='bbox 949 2485 1134 2561; x_wconf 80' lang='lat' dir='ltr'>sperassent</span> <span class='ocrx_word' id='word_1_162' title='bbox 1157 2497 1233 2541; x_wconf 89' lang='lat' dir='ltr'>eum</span> <span class='ocrx_word' id='word_1_163' title='bbox 1248 2476 1361 2539; x_wconf 86' lang='lat' dir='ltr'>hostes</span> <span class='ocrx_word' id='word_1_164' title='bbox 1376 2496 1435 2562; x_wconf 89' lang='lat' dir='ltr'>op·</span> 
     </span>
     <span class='ocr_line' id='line_1_20' title="bbox 228 2577 1433 2663; baseline 0.003 -23"><span class='ocrx_word' id='word_1_165' title='bbox 228 2578 376 2663; x_wconf 89' lang='lat' dir='ltr'>primere,</span> <span class='ocrx_word' id='word_1_166' title='bbox 391 2577 580 2643; x_wconf 89' lang='lat' dir='ltr'>fortitudine</span> <span class='ocrx_word' id='word_1_167' title='bbox 595 2599 663 2642; x_wconf 93' lang='lat' dir='ltr'>non</span> <span class='ocrx_word' id='word_1_168' title='bbox 674 2577 979 2642; x_wconf 85' lang='lat' dir='ltr'>multitudinevinci</span> <span class='ocrx_word' id='word_1_169' title='bbox 991 2577 1184 2644; x_wconf 90' lang='lat' dir='ltr'>didicerunt.</span> <span class='ocrx_word' id='word_1_170' title='bbox 1229 2577 1433 2644; x_wconf 85' lang='lat' dir='ltr'>Exardentes</span> 
     </span>
     <span class='ocr_line' id='line_1_21' title="bbox 227 2677 1433 2764; baseline 0.002 -23"><span class='ocrx_word' id='word_1_171' title='bbox 227 2677 325 2763; x_wconf 86' lang='lat' dir='ltr'>igitur</span> <span class='ocrx_word' id='word_1_172' title='bbox 338 2679 373 2743; x_wconf 92' lang='lat' dir='ltr'>in</span> <span class='ocrx_word' id='word_1_173' title='bbox 387 2680 477 2759; x_wconf 86' lang='lat' dir='ltr'>irem,</span> <span class='ocrx_word' id='word_1_174' title='bbox 492 2679 713 2764; x_wconf 86' lang='lat' dir='ltr'>multiplicatis</span> <span class='ocrx_word' id='word_1_175' title='bbox 729 2679 930 2744; x_wconf 81' lang='lat' dir='ltr'>exercituum</span> <span class='ocrx_word' id='word_1_176' title='bbox 949 2677 1084 2759; x_wconf 85' lang='lat' dir='ltr'>viribus,</span> <span class='ocrx_word' id='word_1_177' title='bbox 1105 2677 1277 2764; x_wconf 88' lang='lat' dir='ltr'>inopinum</span> <span class='ocrx_word' id='word_1_178' title='bbox 1291 2679 1325 2742; x_wconf 92' lang='lat' dir='ltr'>in</span> <span class='ocrx_word' id='word_1_179' title='bbox 1344 2689 1433 2744; x_wconf 90' lang='lat' dir='ltr'>arcto</span> 
     </span>
     <span class='ocr_line' id='line_1_22' title="bbox 229 2781 1434 2868; baseline 0.002 -23"><span class='ocrx_word' id='word_1_180' title='bbox 229 2781 364 2846; x_wconf 87' lang='lat' dir='ltr'>duarum</span> <span class='ocrx_word' id='word_1_181' title='bbox 389 2783 519 2868; x_wconf 91' lang='lat' dir='ltr'>rupium</span> <span class='ocrx_word' id='word_1_182' title='bbox 543 2783 731 2868; x_wconf 86' lang='lat' dir='ltr'>surripiunt,</span> <span class='ocrx_word' id='word_1_183' title='bbox 755 2783 1009 2867; x_wconf 87' lang='lat' dir='ltr'>conclusumque</span> <span class='ocrx_word' id='word_1_184' title='bbox 1033 2783 1099 2846; x_wconf 88' lang='lat' dir='ltr'>fere</span> <span class='ocrx_word' id='word_1_185' title='bbox 1123 2781 1289 2846; x_wconf 83' lang='lat' dir='ltr'>tenebant.</span> <span class='ocrx_word' id='word_1_186' title='bbox 1333 2781 1434 2847; x_wconf 88' lang='lat' dir='ltr'>Nulla</span> 
     </span>
     <span class='ocr_line' id='line_1_23' title="bbox 228 2882 1434 2970; baseline 0.002 -24"><span class='ocrx_word' id='word_1_187' title='bbox 228 2905 302 2969; x_wconf 91' lang='lat' dir='ltr'>spes</span> <span class='ocrx_word' id='word_1_188' title='bbox 318 2884 538 2970; x_wconf 79' lang='lat' dir='ltr'>apprehensis,</span> <span class='ocrx_word' id='word_1_189' title='bbox 564 2885 649 2948; x_wconf 87' lang='lat' dir='ltr'>salus</span> <span class='ocrx_word' id='word_1_190' title='bbox 673 2884 762 2947; x_wconf 89' lang='lat' dir='ltr'>nulla</span> <span class='ocrx_word' id='word_1_191' title='bbox 785 2885 1000 2968; x_wconf 82' lang='lat' dir='ltr'>compressis3</span> <span class='ocrx_word' id='word_1_192' title='bbox 1024 2905 1127 2970; x_wconf 90' lang='lat' dir='ltr'>eoque</span> <span class='ocrx_word' id='word_1_193' title='bbox 1150 2885 1279 2970; x_wconf 80' lang='lat' dir='ltr'>segnius</span> <span class='ocrx_word' id='word_1_194' title='bbox 1295 2882 1434 2968; x_wconf 86' lang='lat' dir='ltr'>agebant</span> 
     </span>
     <span class='ocr_line' id='line_1_24' title="bbox 228 2985 1431 3071; baseline 0 -23"><span class='ocrx_word' id='word_1_195' title='bbox 228 3005 291 3071; x_wconf 91' lang='lat' dir='ltr'>quo</span> <span class='ocrx_word' id='word_1_196' title='bbox 308 2985 460 3052; x_wconf 88' lang='lat' dir='ltr'>securius.</span> <span class='ocrx_word' id='word_1_197' title='bbox 505 2985 565 3050; x_wconf 91' lang='lat' dir='ltr'>Ille</span> <span class='ocrx_word' id='word_1_198' title='bbox 580 2995 688 3050; x_wconf 82' lang='lat' dir='ltr'>sutem</span> <span class='ocrx_word' id='word_1_199' title='bbox 702 2985 907 3050; x_wconf 89' lang='lat' dir='ltr'>inimicorum</span> <span class='ocrx_word' id='word_1_200' title='bbox 921 2985 956 3049; x_wconf 93' lang='lat' dir='ltr'>in</span> <span class='ocrx_word' id='word_1_201' title='bbox 972 2986 1090 3064; x_wconf 89' lang='lat' dir='ltr'>medic,</span> <span class='ocrx_word' id='word_1_202' title='bbox 1107 2985 1245 3050; x_wconf 90' lang='lat' dir='ltr'>turbinis</span> <span class='ocrx_word' id='word_1_203' title='bbox 1269 2985 1371 3049; x_wconf 88' lang='lat' dir='ltr'>instar</span> <span class='ocrx_word' id='word_1_204' title='bbox 1396 2985 1431 3048; x_wconf 90' lang='lat' dir='ltr'>in</span> 
     </span>
     <span class='ocr_line' id='line_1_25' title="bbox 227 3085 1432 3174; baseline -0.002 -22"><span class='ocrx_word' id='word_1_205' title='bbox 227 3089 369 3174; x_wconf 91' lang='lat' dir='ltr'>pulvere,</span> <span class='ocrx_word' id='word_1_206' title='bbox 385 3089 478 3172; x_wconf 85' lang='lat' dir='ltr'>quasi</span> <span class='ocrx_word' id='word_1_207' title='bbox 493 3097 670 3173; x_wconf 85' lang='lat' dir='ltr'>tempestus</span> <span class='ocrx_word' id='word_1_208' title='bbox 686 3087 875 3165; x_wconf 70' lang='lat' dir='ltr'>deseviens,</span> <span class='ocrx_word' id='word_1_209' title='bbox 891 3087 1047 3172; x_wconf 84' lang='lat' dir='ltr'>dispergit</span> <span class='ocrx_word' id='word_1_210' title='bbox 1061 3087 1184 3165; x_wconf 88' lang='lat' dir='ltr'>hostes,</span> <span class='ocrx_word' id='word_1_211' title='bbox 1206 3097 1240 3151; x_wconf 92' lang='lat' dir='ltr'>et</span> <span class='ocrx_word' id='word_1_212' title='bbox 1262 3095 1353 3150; x_wconf 85' lang='lat' dir='ltr'>tante</span> <span class='ocrx_word' id='word_1_213' title='bbox 1368 3085 1432 3150; x_wconf 87' lang='lat' dir='ltr'>vir-</span> 
     </span>
     <span class='ocr_line' id='line_1_26' title="bbox 227 3188 1431 3275; baseline -0.002 -19"><span class='ocrx_word' id='word_1_214' title='bbox 227 3200 296 3256; x_wconf 88' lang='lat' dir='ltr'>tute</span> <span class='ocrx_word' id='word_1_215' title='bbox 313 3190 461 3275; x_wconf 89' lang='lat' dir='ltr'>stupidos</span> <span class='ocrx_word' id='word_1_216' title='bbox 476 3189 593 3269; x_wconf 87' lang='lat' dir='ltr'>reddit,</span> <span class='ocrx_word' id='word_1_217' title='bbox 609 3197 647 3252; x_wconf 92' lang='lat' dir='ltr'>ut</span> <span class='ocrx_word' id='word_1_218' title='bbox 660 3189 694 3252; x_wconf 92' lang='lat' dir='ltr'>in</span> <span class='ocrx_word' id='word_1_219' title='bbox 711 3189 780 3252; x_wconf 88' lang='lat' dir='ltr'>sola</span> <span class='ocrx_word' id='word_1_220' title='bbox 790 3189 923 3254; x_wconf 84' lang='lat' dir='ltr'>videant</span> <span class='ocrx_word' id='word_1_221' title='bbox 937 3188 1171 3272; x_wconf 81' lang='lat' dir='ltr'>salutemfuga.</span> <span class='ocrx_word' id='word_1_222' title='bbox 1217 3189 1373 3252; x_wconf 92' lang='lat' dir='ltr'>Imminet</span> <span class='ocrx_word' id='word_1_223' title='bbox 1384 3188 1431 3253; x_wconf 91' lang='lat' dir='ltr'>eis</span> 
     </span>
     <span class='ocr_line' id='line_1_27' title="bbox 225 3289 1431 3378; baseline -0.001 -22"><span class='ocrx_word' id='word_1_224' title='bbox 225 3293 360 3378; x_wconf 86' lang='lat' dir='ltr'>impiger</span> <span class='ocrx_word' id='word_1_225' title='bbox 373 3293 426 3356; x_wconf 91' lang='lat' dir='ltr'>ille</span> <span class='ocrx_word' id='word_1_226' title='bbox 442 3315 516 3357; x_wconf 92' lang='lat' dir='ltr'>cum</span> <span class='ocrx_word' id='word_1_227' title='bbox 532 3291 599 3355; x_wconf 85' lang='lat' dir='ltr'>suis</span> <span class='ocrx_word' id='word_1_228' title='bbox 622 3297 656 3356; x_wconf 92' lang='lat' dir='ltr'>in</span> <span class='ocrx_word' id='word_1_229' title='bbox 677 3301 828 3376; x_wconf 89' lang='lat' dir='ltr'>respectu</span> <span class='ocrx_word' id='word_1_230' title='bbox 849 3291 980 3376; x_wconf 82' lang='lat' dir='ltr'>paucis3</span> <span class='ocrx_word' id='word_1_231' title='bbox 1008 3289 1126 3354; x_wconf 87' lang='lat' dir='ltr'>milites</span> <span class='ocrx_word' id='word_1_232' title='bbox 1152 3300 1262 3355; x_wconf 87' lang='lat' dir='ltr'>autem</span> <span class='ocrx_word' id='word_1_233' title='bbox 1287 3291 1431 3355; x_wconf 70' lang='lat' dir='ltr'>adversae</span> 
     </span>
     <span class='ocr_line' id='line_1_28' title="bbox 224 3393 1432 3482; baseline -0.001 -24"><span class='ocrx_word' id='word_1_234' title='bbox 224 3395 325 3482; x_wconf 88' lang='lat' dir='ltr'>partis</span> <span class='ocrx_word' id='word_1_235' title='bbox 353 3395 525 3474; x_wconf 91' lang='lat' dir='ltr'>innumeri,</span> <span class='ocrx_word' id='word_1_236' title='bbox 550 3404 590 3458; x_wconf 92' lang='lat' dir='ltr'>ut</span> <span class='ocrx_word' id='word_1_237' title='bbox 614 3394 764 3459; x_wconf 89' lang='lat' dir='ltr'>dominos</span> <span class='ocrx_word' id='word_1_238' title='bbox 794 3417 871 3460; x_wconf 88' lang='lat' dir='ltr'>suos</span> <span class='ocrx_word' id='word_1_239' title='bbox 897 3393 938 3458; x_wconf 86' lang='lat' dir='ltr'>ab</span> <span class='ocrx_word' id='word_1_240' title='bbox 968 3395 1041 3479; x_wconf 91' lang='lat' dir='ltr'>ipso</span> <span class='ocrx_word' id='word_1_241' title='bbox 1065 3393 1236 3472; x_wconf 80' lang='lat' dir='ltr'>salvarent,</span> <span class='ocrx_word' id='word_1_242' title='bbox 1261 3393 1337 3457; x_wconf 81' lang='lat' dir='ltr'>facti</span> <span class='ocrx_word' id='word_1_243' title='bbox 1353 3403 1432 3458; x_wconf 90' lang='lat' dir='ltr'>sunt</span> 
     </span>
     <span class='ocr_line' id='line_1_29' title="bbox 223 3494 1430 3580; baseline -0.003 -19"><span class='ocrx_word' id='word_1_244' title='bbox 223 3497 321 3562; x_wconf 90' lang='lat' dir='ltr'>unius</span> <span class='ocrx_word' id='word_1_245' title='bbox 335 3496 445 3578; x_wconf 77' lang='lat' dir='ltr'>prceda</span> <span class='ocrx_word' id='word_1_246' title='bbox 459 3494 620 3559; x_wconf 89' lang='lat' dir='ltr'>monachi.</span> <span class='ocrx_word' id='word_1_247' title='bbox 656 3495 752 3559; x_wconf 90' lang='lat' dir='ltr'>Unus</span> <span class='ocrx_word' id='word_1_248' title='bbox 767 3505 876 3560; x_wconf 86' lang='lat' dir='ltr'>sutem</span> <span class='ocrx_word' id='word_1_249' title='bbox 891 3495 1036 3579; x_wconf 79' lang='lat' dir='ltr'>capitalis</span> <span class='ocrx_word' id='word_1_250' title='bbox 1051 3495 1121 3580; x_wconf 87' lang='lat' dir='ltr'>ejus</span> <span class='ocrx_word' id='word_1_251' title='bbox 1144 3494 1259 3572; x_wconf 90' lang='lat' dir='ltr'>hostis,</span> <span class='ocrx_word' id='word_1_252' title='bbox 1274 3517 1349 3559; x_wconf 92' lang='lat' dir='ltr'>cum</span> <span class='ocrx_word' id='word_1_253' title='bbox 1361 3495 1430 3578; x_wconf 89' lang='lat' dir='ltr'>jam</span> 
     </span>
     <span class='ocr_line' id='line_1_30' title="bbox 222 3595 1431 3681; baseline -0.004 -18"><span class='ocrx_word' id='word_1_254' title='bbox 222 3597 390 3673; x_wconf 88' lang='lat' dir='ltr'>evasisset,</span> <span class='ocrx_word' id='word_1_255' title='bbox 419 3617 477 3678; x_wconf 89' lang='lat' dir='ltr'>per</span> <span class='ocrx_word' id='word_1_256' title='bbox 499 3597 669 3660; x_wconf 90' lang='lat' dir='ltr'>circuitum</span> <span class='ocrx_word' id='word_1_257' title='bbox 693 3616 869 3679; x_wconf 81' lang='lat' dir='ltr'>properans</span> <span class='ocrx_word' id='word_1_258' title='bbox 896 3595 1064 3681; x_wconf 70' lang='lat' dir='ltr'>precessit</span> <span class='ocrx_word' id='word_1_259' title='bbox 1089 3616 1176 3674; x_wconf 89' lang='lat' dir='ltr'>eum,</span> <span class='ocrx_word' id='word_1_260' title='bbox 1202 3595 1333 3679; x_wconf 88' lang='lat' dir='ltr'>suisque</span> <span class='ocrx_word' id='word_1_261' title='bbox 1358 3615 1431 3678; x_wconf 91' lang='lat' dir='ltr'>per-</span> 
     </span>
    </p>
   </div>
   <div class='ocr_carea' id='block_1_5' title="bbox 220 3762 1432 4062">
    <p class='ocr_par' dir='ltr' id='par_1_5' title="bbox 220 3762 1432 4062">
     <span class='ocr_line' id='line_1_31' title="bbox 220 3762 1431 3826; baseline -0.001 -10"><span class='ocrx_word' id='word_1_262' title='bbox 220 3768 264 3816; x_wconf 81' lang='lat' dir='ltr'>the</span> <span class='ocrx_word' id='word_1_263' title='bbox 276 3764 343 3815; x_wconf 87' lang='lat' dir='ltr'>Bibl.</span> <span class='ocrx_word' id='word_1_264' title='bbox 355 3764 440 3826; x_wconf 79' lang='lat' dir='ltr'>royale</span> <span class='ocrx_word' id='word_1_265' title='bbox 450 3768 477 3812; x_wconf 79' lang='lat' dir='ltr'>ct</span> <span class='ocrx_word' id='word_1_266' title='bbox 496 3764 575 3822; x_wconf 77' lang='lat' dir='ltr'>Paris,</span> <span class='ocrx_word' id='word_1_267' title='bbox 594 3763 659 3811; x_wconf 76' lang='lat' dir='ltr'>hcm</span> <span class='ocrx_word' id='word_1_268' title='bbox 675 3762 757 3813; x_wconf 81' lang='lat' dir='ltr'>which</span> <span class='ocrx_word' id='word_1_269' title='bbox 776 3778 809 3812; x_wconf 79' lang='lat' dir='ltr'>au</span> <span class='ocrx_word' id='word_1_270' title='bbox 842 3763 937 3813; x_wconf 73' lang='lat' dir='ltr'>osculer</span> <span class='ocrx_word' id='word_1_271' title='bbox 947 3763 1000 3814; x_wconf 81' lang='lat' dir='ltr'>lise.</span> <span class='ocrx_word' id='word_1_272' title='bbox 1033 3763 1260 3812; x_wconf 78' lang='lat' dir='ltr'>‘l&#39;heinlormation</span> <span class='ocrx_word' id='word_1_273' title='bbox 1279 3764 1340 3812; x_wconf 84' lang='lat' dir='ltr'>here</span> <span class='ocrx_word' id='word_1_274' title='bbox 1357 3763 1431 3826; x_wconf 78' lang='lat' dir='ltr'>giren</span> 
     </span>
     <span class='ocr_line' id='line_1_32' title="bbox 220 3840 1427 3912; baseline -0.001 -16"><span class='ocrx_word' id='word_1_275' title='bbox 220 3847 351 3912; x_wconf 76' lang='lat' dir='ltr'>imperfect</span> <span class='ocrx_word' id='word_1_276' title='bbox 368 3845 462 3894; x_wconf 83' lang='lat' dir='ltr'>edition</span> <span class='ocrx_word' id='word_1_277' title='bbox 481 3860 531 3894; x_wconf 81' lang='lat' dir='ltr'>rm</span> <span class='ocrx_word' id='word_1_278' title='bbox 548 3843 680 3909; x_wconf 80' lang='lat' dir='ltr'>publishcd</span> <span class='ocrx_word' id='word_1_279' title='bbox 705 3844 738 3906; x_wconf 79' lang='lat' dir='ltr'>by</span> <span class='ocrx_word' id='word_1_280' title='bbox 766 3843 805 3893; x_wconf 91' lang='lat' dir='ltr'>M.</span> <span class='ocrx_word' id='word_1_281' title='bbox 840 3844 873 3908; x_wconf 75' lang='lat' dir='ltr'>by</span> <span class='ocrx_word' id='word_1_282' title='bbox 884 3840 979 3892; x_wconf 79' lang='lat' dir='ltr'>Walter</span> <span class='ocrx_word' id='word_1_283' title='bbox 989 3842 1192 3907; x_wconf 86' lang='lat' dir='ltr'>Mapeslsquitc</span> <span class='ocrx_word' id='word_1_284' title='bbox 1204 3858 1268 3893; x_wconf 81' lang='lat' dir='ltr'>new.</span> <span class='ocrx_word' id='word_1_285' title='bbox 1304 3843 1357 3894; x_wconf 87' lang='lat' dir='ltr'>&#39;l&#39;he</span> <span class='ocrx_word' id='word_1_286' title='bbox 1369 3845 1427 3896; x_wconf 82' lang='lat' dir='ltr'>MS.</span> 
     </span>
     <span class='ocr_line' id='line_1_33' title="bbox 220 3922 1432 3989; baseline -0.002 -12"><span class='ocrx_word' id='word_1_287' title='bbox 220 3928 323 3980; x_wconf 80' lang='lat' dir='ltr'>Jubiml</span> <span class='ocrx_word' id='word_1_288' title='bbox 347 3927 375 3976; x_wconf 88' lang='lat' dir='ltr'>in</span> <span class='ocrx_word' id='word_1_289' title='bbox 397 3928 469 3976; x_wconf 80' lang='grc'>1834.</span> <span class='ocrx_word' id='word_1_290' title='bbox 503 3925 565 3976; x_wconf 84' lang='lat' dir='ltr'>This</span> <span class='ocrx_word' id='word_1_291' title='bbox 592 3939 666 3989; x_wconf 85' lang='lat' dir='ltr'>poem</span> <span class='ocrx_word' id='word_1_292' title='bbox 693 3923 807 3974; x_wconf 78' lang='lat' dir='ltr'>contains</span> <span class='ocrx_word' id='word_1_293' title='bbox 840 3924 885 3973; x_wconf 79' lang='lat' dir='ltr'>hu</span> <span class='ocrx_word' id='word_1_294' title='bbox 903 3925 1037 3984; x_wconf 79' lang='lat' dir='ltr'>Brllotoco,</span> <span class='ocrx_word' id='word_1_295' title='bbox 1054 3922 1175 3988; x_wconf 76' lang='lat' dir='ltr'>probably</span> <span class='ocrx_word' id='word_1_296' title='bbox 1194 3940 1210 3978; x_wconf 76' lang='lat' dir='ltr'>a</span> <span class='ocrx_word' id='word_1_297' title='bbox 1229 3940 1297 3976; x_wconf 88' lang='lat' dir='ltr'>mere</span> <span class='ocrx_word' id='word_1_298' title='bbox 1317 3940 1386 3976; x_wconf 88' lang='lat' dir='ltr'>error</span> <span class='ocrx_word' id='word_1_299' title='bbox 1402 3927 1432 3978; x_wconf 79' lang='lat' dir='ltr'>ot</span> 
     </span>
     <span class='ocr_line' id='line_1_34' title="bbox 220 4005 986 4062; baseline -0.003 -2"><span class='ocrx_word' id='word_1_300' title='bbox 220 4009 314 4060; x_wconf 73' lang='lat' dir='ltr'>several</span> <span class='ocrx_word' id='word_1_301' title='bbox 325 4009 445 4060; x_wconf 73' lang='lat' dir='ltr'>illusioni</span> <span class='ocrx_word' id='word_1_302' title='bbox 456 4011 483 4058; x_wconf 85' lang='lat' dir='ltr'>to</span> <span class='ocrx_word' id='word_1_303' title='bbox 493 4007 534 4058; x_wconf 83' lang='lat' dir='ltr'>his</span> <span class='ocrx_word' id='word_1_304' title='bbox 544 4006 692 4059; x_wconf 77' lang='lat' dir='ltr'>conversios</span> <span class='ocrx_word' id='word_1_305' title='bbox 707 4005 773 4056; x_wconf 82' lang='lat' dir='ltr'>hom</span> <span class='ocrx_word' id='word_1_306' title='bbox 793 4021 808 4062; x_wconf 77' lang='lat' dir='ltr'>a</span> <span class='ocrx_word' id='word_1_307' title='bbox 842 4005 884 4056; x_wconf 86' lang='lat' dir='ltr'>the</span> <span class='ocrx_word' id='word_1_308' title='bbox 896 4005 986 4058; x_wconf 80' lang='lat' dir='ltr'>scribe.</span> 
     </span>
    </p>
   </div>
   <div class='ocr_carea' id='block_1_6' title="bbox 0 0 1830 4852">
    <p class='ocr_par' dir='ltr' id='par_1_6' title="bbox 0 0 1830 4852">
     <span class='ocr_line' id='line_1_35' title="bbox 0 0 1830 4852; baseline 0 6"><span class='ocrx_word' id='word_1_309' title='bbox 0 0 1830 4852; x_wconf 95' lang='lat' dir='ltr'> </span> 
     </span>
    </p>
   </div>
  </div>
 </body>
</html>
