<?xml version="1.0" encoding="UTF-8"?>
<!DOCTYPE html PUBLIC "-//W3C//DTD XHTML 1.0 Transitional//EN"
    "http://www.w3.org/TR/xhtml1/DTD/xhtml1-transitional.dtd">
<html xmlns="http://www.w3.org/1999/xhtml" xml:lang="en" lang="en">
 <head>
  <title>
</title>
<meta http-equiv="Content-Type" content="text/html;charset=utf-8" />
  <meta name='ocr-system' content='tesseract 3.04.00' />
  <meta name='ocr-capabilities' content='ocr_page ocr_carea ocr_par ocr_line ocrx_word'/>
</head>
<body>
  <div class='ocr_page' id='page_1' title='image "./gualterimapesde00mapgoog/gualterimapesde00mapgoog_0128.png"; bbox 0 0 3608 4862; ppageno 0'>
   <div class='ocr_carea' id='block_1_1' title="bbox 618 1174 1036 1244">
    <p class='ocr_par' dir='ltr' id='par_1_1' title="bbox 618 1174 1036 1244">
     <span class='ocr_line' id='line_1_1' title="bbox 618 1174 1036 1244; baseline -0.01 0"><span class='ocrx_word' id='word_1_1' title='bbox 618 1175 857 1244; x_wconf 77' lang='lat' dir='ltr'><strong>GUALTERI</strong></span> <span class='ocrx_word' id='word_1_2' title='bbox 880 1174 1036 1241; x_wconf 85' lang='lat' dir='ltr'>MAPES</span> 
     </span>
    </p>
   </div>
   <div class='ocr_carea' id='block_1_2' title="bbox 375 1379 1266 1480">
    <p class='ocr_par' dir='ltr' id='par_1_2' title="bbox 375 1379 1266 1480">
     <span class='ocr_line' id='line_1_2' title="bbox 375 1379 1266 1480; baseline 0 -2"><span class='ocrx_word' id='word_1_3' title='bbox 375 1385 474 1478; x_wconf 83' lang='lat' dir='ltr'>DE</span> <span class='ocrx_word' id='word_1_4' title='bbox 520 1379 762 1478; x_wconf 89' lang='lat' dir='ltr'>NUGIS</span> <span class='ocrx_word' id='word_1_5' title='bbox 811 1381 1266 1480; x_wconf 90' lang='lat' dir='ltr'><strong>CURIALIUM</strong></span> 
     </span>
    </p>
   </div>
   <div class='ocr_carea' id='block_1_3' title="bbox 609 1609 1049 1674">
    <p class='ocr_par' dir='ltr' id='par_1_3' title="bbox 609 1609 1049 1674">
     <span class='ocr_line' id='line_1_3' title="bbox 609 1609 1049 1674; baseline -0.002 -4"><span class='ocrx_word' id='word_1_6' title='bbox 609 1609 856 1672; x_wconf 82' lang='lat' dir='ltr'>DtsTINch</span> <span class='ocrx_word' id='word_1_7' title='bbox 878 1610 1049 1674; x_wconf 86' lang='lat' dir='ltr'><strong>TERTIA.</strong></span> 
     </span>
    </p>
   </div>
   <div class='ocr_carea' id='block_1_4' title="bbox 691 1831 993 1847">
    <p class='ocr_par' dir='ltr' id='par_1_4' title="bbox 691 1831 993 1847">
     <span class='ocr_line' id='line_1_4' title="bbox 691 1831 993 1847; baseline -0.003 -5"><span class='ocrx_word' id='word_1_8' title='bbox 691 1831 993 1847; x_wconf 53' lang='grc' dir='ltr'>Ἢ</span> 
     </span>
    </p>
   </div>
   <div class='ocr_carea' id='block_1_5' title="bbox 576 2027 1084 2114">
    <p class='ocr_par' dir='ltr' id='par_1_5' title="bbox 576 2027 1084 2114">
     <span class='ocr_line' id='line_1_5' title="bbox 576 2027 1084 2114; baseline -0.002 -21"><span class='ocrx_word' id='word_1_9' title='bbox 576 2027 696 2112; x_wconf 78' lang='lat' dir='ltr'><strong><em>Incipit</em></strong></span> <span class='ocrx_word' id='word_1_10' title='bbox 712 2032 820 2098; x_wconf 79' lang='lat' dir='ltr'>tertia.</span> <span class='ocrx_word' id='word_1_11' title='bbox 864 2029 1032 2114; x_wconf 76' lang='lat' dir='ltr'>Prolopus.</span> <span class='ocrx_word' id='word_1_12' title='bbox 1060 2027 1084 2092; x_wconf 91' lang='lat' dir='ltr'>i.</span> 
     </span>
    </p>
   </div>
   <div class='ocr_carea' id='block_1_6' title="bbox 225 2157 1529 3985">
    <p class='ocr_par' dir='ltr' id='par_1_6' title="bbox 225 2157 1529 3985">
     <span class='ocr_line' id='line_1_6' title="bbox 229 2157 1430 2255; baseline -0.007 -25"><span class='ocrx_word' id='word_1_13' title='bbox 229 2165 314 2232; x_wconf 74' lang='lat' dir='ltr'>Cum</span> <span class='ocrx_word' id='word_1_14' title='bbox 339 2189 358 2234; x_wconf 88' lang='lat' dir='ltr'>a</span> <span class='ocrx_word' id='word_1_15' title='bbox 381 2166 492 2252; x_wconf 87' lang='lat' dir='ltr'>palatii</span> <span class='ocrx_word' id='word_1_16' title='bbox 508 2166 712 2233; x_wconf 86' lang='lat' dir='ltr'>descendunt</span> <span class='ocrx_word' id='word_1_17' title='bbox 737 2168 871 2255; x_wconf 85' lang='lat' dir='ltr'>palatini</span> <span class='ocrx_word' id='word_1_18' title='bbox 893 2167 1033 2254; x_wconf 86' lang='lat' dir='ltr'>negotiis</span> <span class='ocrx_word' id='word_1_19' title='bbox 1047 2163 1203 2251; x_wconf 84' lang='lat' dir='ltr'>reg-alium</span> <span class='ocrx_word' id='word_1_20' title='bbox 1218 2181 1354 2248; x_wconf 90' lang='lat' dir='ltr'>operum</span> <span class='ocrx_word' id='word_1_21' title='bbox 1367 2157 1430 2224; x_wconf 85' lang='lat' dir='ltr'>im-</span> 
     </span>
     <span class='ocr_line' id='line_1_7' title="bbox 227 2260 1430 2357; baseline -0.008 -23"><span class='ocrx_word' id='word_1_22' title='bbox 227 2269 400 2336; x_wconf 81' lang='lat' dir='ltr'>mensitate</span> <span class='ocrx_word' id='word_1_23' title='bbox 415 2270 545 2350; x_wconf 81' lang='lat' dir='ltr'>defessi,</span> <span class='ocrx_word' id='word_1_24' title='bbox 560 2271 666 2357; x_wconf 83' lang='lat' dir='ltr'>placet</span> <span class='ocrx_word' id='word_1_25' title='bbox 680 2272 728 2336; x_wconf 87' lang='lat' dir='ltr'>eis</span> <span class='ocrx_word' id='word_1_26' title='bbox 743 2273 784 2336; x_wconf 85' lang='lat' dir='ltr'>ad</span> <span class='ocrx_word' id='word_1_27' title='bbox 798 2272 972 2337; x_wconf 88' lang='lat' dir='ltr'><strong>humilium</strong></span> <span class='ocrx_word' id='word_1_28' title='bbox 995 2268 1143 2336; x_wconf 85' lang='lat' dir='ltr'>inclinari</span> <span class='ocrx_word' id='word_1_29' title='bbox 1157 2264 1330 2350; x_wconf 86' lang='lat' dir='ltr'>colloquia,</span> <span class='ocrx_word' id='word_1_30' title='bbox 1344 2260 1430 2326; x_wconf 84' lang='lat' dir='ltr'>ludi-</span> 
     </span>
     <span class='ocr_line' id='line_1_8' title="bbox 227 2362 1431 2460; baseline -0.007 -24"><span class='ocrx_word' id='word_1_31' title='bbox 227 2373 354 2459; x_wconf 87' lang='lat' dir='ltr'>erisque</span> <span class='ocrx_word' id='word_1_32' title='bbox 364 2375 470 2439; x_wconf 85' lang='lat' dir='ltr'>levare</span> <span class='ocrx_word' id='word_1_33' title='bbox 478 2374 624 2460; x_wconf 91' lang='lat' dir='ltr'>pondera</span> <span class='ocrx_word' id='word_1_34' title='bbox 635 2375 804 2440; x_wconf 87' lang='lat' dir='ltr'>seriorum.</span> <span class='ocrx_word' id='word_1_35' title='bbox 830 2375 905 2440; x_wconf 88' lang='lat' dir='ltr'>Hoc</span> <span class='ocrx_word' id='word_1_36' title='bbox 916 2374 976 2438; x_wconf 90' lang='lat' dir='ltr'>tibi</span> <span class='ocrx_word' id='word_1_37' title='bbox 990 2373 1085 2438; x_wconf 84' lang='lat' dir='ltr'>vultu</span> <span class='ocrx_word' id='word_1_38' title='bbox 1096 2372 1232 2456; x_wconf 86' lang='lat' dir='ltr'>placeat,</span> <span class='ocrx_word' id='word_1_39' title='bbox 1242 2390 1316 2432; x_wconf 92' lang='lat' dir='ltr'>cum</span> <span class='ocrx_word' id='word_1_40' title='bbox 1327 2389 1346 2429; x_wconf 83' lang='lat' dir='ltr'>a</span> <span class='ocrx_word' id='word_1_41' title='bbox 1357 2362 1431 2449; x_wconf 88' lang='lat' dir='ltr'>phi-</span> 
     </span>
     <span class='ocr_line' id='line_1_9' title="bbox 227 2467 1430 2564; baseline -0.005 -26"><span class='ocrx_word' id='word_1_42' title='bbox 227 2475 385 2562; x_wconf 79' lang='lat' dir='ltr'>losophiae</span> <span class='ocrx_word' id='word_1_43' title='bbox 409 2479 464 2543; x_wconf 87' lang='lat' dir='ltr'>vel</span> <span class='ocrx_word' id='word_1_44' title='bbox 488 2477 607 2544; x_wconf 74' lang='lat' dir='ltr'>divinae</span> <span class='ocrx_word' id='word_1_45' title='bbox 622 2479 746 2564; x_wconf 77' lang='lat' dir='ltr'>paginae</span> <span class='ocrx_word' id='word_1_46' title='bbox 770 2488 885 2542; x_wconf 87' lang='lat' dir='ltr'>senatu</span> <span class='ocrx_word' id='word_1_47' title='bbox 907 2475 1124 2560; x_wconf 85' lang='lat' dir='ltr'>respiraveris,</span> <span class='ocrx_word' id='word_1_48' title='bbox 1141 2470 1316 2538; x_wconf 88' lang='lat' dir='ltr'>voluminis</span> <span class='ocrx_word' id='word_1_49' title='bbox 1330 2467 1430 2552; x_wconf 88' lang='lat' dir='ltr'>hujus</span> 
     </span>
     <span class='ocr_line' id='line_1_10' title="bbox 226 2569 1429 2668; baseline -0.007 -27"><span class='ocrx_word' id='word_1_50' title='bbox 226 2577 388 2646; x_wconf 79' lang='lat' dir='ltr'>innobiles</span> <span class='ocrx_word' id='word_1_51' title='bbox 409 2591 445 2648; x_wconf 92' lang='lat' dir='ltr'>et</span> <span class='ocrx_word' id='word_1_52' title='bbox 466 2603 629 2668; x_wconf 77' lang='lat' dir='ltr'>exangues</span> <span class='ocrx_word' id='word_1_53' title='bbox 652 2581 793 2667; x_wconf 78' lang='lat' dir='ltr'><strong>ineptias</strong></span> <span class='ocrx_word' id='word_1_54' title='bbox 812 2580 865 2647; x_wconf 86' lang='lat' dir='ltr'>vel</span> <span class='ocrx_word' id='word_1_55' title='bbox 880 2580 991 2645; x_wconf 88' lang='lat' dir='ltr'>audire</span> <span class='ocrx_word' id='word_1_56' title='bbox 1016 2578 1070 2644; x_wconf 84' lang='lat' dir='ltr'>vel</span> <span class='ocrx_word' id='word_1_57' title='bbox 1093 2577 1198 2662; x_wconf 85' lang='lat' dir='ltr'>legere</span> <span class='ocrx_word' id='word_1_58' title='bbox 1221 2569 1429 2638; x_wconf 80' lang='lat' dir='ltr'>recreationis</span> 
     </span>
     <span class='ocr_line' id='line_1_11' title="bbox 228 2673 1529 2770; baseline -0.006 -25"><span class='ocrx_word' id='word_1_59' title='bbox 228 2689 262 2746; x_wconf 88' lang='lat' dir='ltr'>et</span> <span class='ocrx_word' id='word_1_60' title='bbox 275 2681 344 2747; x_wconf 90' lang='lat' dir='ltr'>ludi</span> <span class='ocrx_word' id='word_1_61' title='bbox 358 2684 470 2770; x_wconf 83' lang='lat' dir='ltr'>gratia.</span> <span class='ocrx_word' id='word_1_62' title='bbox 514 2685 593 2750; x_wconf 92' lang='lat' dir='ltr'>Non</span> <span class='ocrx_word' id='word_1_63' title='bbox 608 2685 695 2750; x_wconf 92' lang='lat' dir='ltr'>enim</span> <span class='ocrx_word' id='word_1_64' title='bbox 711 2685 771 2748; x_wconf 82' lang='lat' dir='ltr'>fori</span> <span class='ocrx_word' id='word_1_65' title='bbox 786 2685 860 2749; x_wconf 90' lang='lat' dir='ltr'>lites</span> <span class='ocrx_word' id='word_1_66' title='bbox 876 2695 933 2749; x_wconf 84' lang='lat' dir='ltr'>aut</span> <span class='ocrx_word' id='word_1_67' title='bbox 947 2682 1141 2769; x_wconf 85' lang='lat' dir='ltr'>placitorum</span> <span class='ocrx_word' id='word_1_68' title='bbox 1157 2685 1316 2763; x_wconf 91' lang='lat' dir='ltr'>attempto</span> <span class='ocrx_word' id='word_1_69' title='bbox 1329 2673 1431 2752; x_wconf 78' lang='lat' dir='ltr'>seria3</span> <span class='ocrx_word' id='word_1_70' title='bbox 1522 2693 1529 2703; x_wconf 76' lang='grc'><em>“</em></span> 
     </span>
     <span class='ocr_line' id='line_1_12' title="bbox 228 2778 1430 2874; baseline -0.008 -26"><span class='ocrx_word' id='word_1_71' title='bbox 228 2784 392 2852; x_wconf 83' lang='lat' dir='ltr'>theatrum</span> <span class='ocrx_word' id='word_1_72' title='bbox 407 2797 442 2852; x_wconf 91' lang='lat' dir='ltr'>et</span> <span class='ocrx_word' id='word_1_73' title='bbox 455 2809 588 2853; x_wconf 86' lang='lat' dir='ltr'>arenam</span> <span class='ocrx_word' id='word_1_74' title='bbox 602 2787 710 2853; x_wconf 92' lang='lat' dir='ltr'>incolo</span> <span class='ocrx_word' id='word_1_75' title='bbox 733 2788 840 2853; x_wconf 87' lang='lat' dir='ltr'>nudus</span> <span class='ocrx_word' id='word_1_76' title='bbox 854 2788 946 2874; x_wconf 84' lang='lat' dir='ltr'>pugil</span> <span class='ocrx_word' id='word_1_77' title='bbox 960 2796 994 2851; x_wconf 88' lang='lat' dir='ltr'>et</span> <span class='ocrx_word' id='word_1_78' title='bbox 1008 2782 1152 2863; x_wconf 88' lang='lat' dir='ltr'>inermis,</span> <span class='ocrx_word' id='word_1_79' title='bbox 1164 2801 1262 2867; x_wconf 90' lang='lat' dir='ltr'>quem</span> <span class='ocrx_word' id='word_1_80' title='bbox 1276 2778 1312 2842; x_wconf 91' lang='lat' dir='ltr'>in</span> <span class='ocrx_word' id='word_1_81' title='bbox 1326 2797 1430 2840; x_wconf 86' lang='lat' dir='ltr'>arma-</span> 
     </span>
     <span class='ocr_line' id='line_1_13' title="bbox 226 2879 1431 2960; baseline -0.008 -9"><span class='ocrx_word' id='word_1_82' title='bbox 226 2895 280 2952; x_wconf 92' lang='lat' dir='ltr'>tos</span> <span class='ocrx_word' id='word_1_83' title='bbox 295 2887 547 2956; x_wconf 79' lang='lat' dir='ltr'>obtrectantium</span> <span class='ocrx_word' id='word_1_84' title='bbox 562 2913 683 2956; x_wconf 90' lang='lat' dir='ltr'>cuneos</span> <span class='ocrx_word' id='word_1_85' title='bbox 698 2892 797 2957; x_wconf 84' lang='lat' dir='ltr'>talem</span> <span class='ocrx_word' id='word_1_86' title='bbox 811 2891 897 2956; x_wconf 89' lang='lat' dir='ltr'>ultro</span> <span class='ocrx_word' id='word_1_87' title='bbox 913 2889 1031 2956; x_wconf 85' lang='lat' dir='ltr'>misisti</span> <span class='ocrx_word' id='word_1_88' title='bbox 1045 2889 1222 2960; x_wconf 77' lang='lat' dir='ltr'>theatrum,</span> <span class='ocrx_word' id='word_1_89' title='bbox 1236 2893 1346 2947; x_wconf 86' lang='lat' dir='ltr'>tamen</span> <span class='ocrx_word' id='word_1_90' title='bbox 1366 2879 1431 2943; x_wconf 91' lang='lat' dir='ltr'>hoc</span> 
     </span>
     <span class='ocr_line' id='line_1_14' title="bbox 228 2983 1430 3079; baseline -0.005 -23"><span class='ocrx_word' id='word_1_91' title='bbox 228 3000 261 3056; x_wconf 89' lang='lat' dir='ltr'>et</span> <span class='ocrx_word' id='word_1_92' title='bbox 275 2991 359 3057; x_wconf 84' lang='lat' dir='ltr'>hanc</span> <span class='ocrx_word' id='word_1_93' title='bbox 373 3015 504 3058; x_wconf 86' lang='lat' dir='ltr'>arenam</span> <span class='ocrx_word' id='word_1_94' title='bbox 525 2994 554 3058; x_wconf 87' lang='lat' dir='ltr'>si</span> <span class='ocrx_word' id='word_1_95' title='bbox 577 2994 660 3061; x_wconf 87' lang='lat' dir='ltr'>Cato</span> <span class='ocrx_word' id='word_1_96' title='bbox 676 2995 856 3061; x_wconf 83' lang='lat' dir='ltr'>visitaverit</span> <span class='ocrx_word' id='word_1_97' title='bbox 875 3003 933 3058; x_wconf 91' lang='lat' dir='ltr'>aut</span> <span class='ocrx_word' id='word_1_98' title='bbox 948 2993 1058 3079; x_wconf 87' lang='lat' dir='ltr'>Scipio</span> <span class='ocrx_word' id='word_1_99' title='bbox 1072 2991 1126 3057; x_wconf 87' lang='lat' dir='ltr'>vel</span> <span class='ocrx_word' id='word_1_100' title='bbox 1141 2998 1287 3073; x_wconf 89' lang='lat' dir='ltr'>uterque,</span> <span class='ocrx_word' id='word_1_101' title='bbox 1300 2983 1430 3051; x_wconf 82' lang='lat' dir='ltr'>veniam</span> 
     </span>
     <span class='ocr_line' id='line_1_15' title="bbox 228 3089 1430 3184; baseline -0.005 -27"><span class='ocrx_word' id='word_1_102' title='bbox 228 3115 323 3180; x_wconf 89' lang='lat' dir='ltr'>spero</span> <span class='ocrx_word' id='word_1_103' title='bbox 339 3096 416 3162; x_wconf 89' lang='lat' dir='ltr'>dum</span> <span class='ocrx_word' id='word_1_104' title='bbox 432 3119 499 3161; x_wconf 91' lang='lat' dir='ltr'>non</span> <span class='ocrx_word' id='word_1_105' title='bbox 515 3097 661 3164; x_wconf 86' lang='lat' dir='ltr'>districte</span> <span class='ocrx_word' id='word_1_106' title='bbox 679 3099 838 3184; x_wconf 84' lang='lat' dir='ltr'>judicent.</span> <span class='ocrx_word' id='word_1_107' title='bbox 885 3097 1032 3163; x_wconf 86' lang='lat' dir='ltr'>Scribere</span> <span class='ocrx_word' id='word_1_108' title='bbox 1051 3095 1149 3180; x_wconf 89' lang='lat' dir='ltr'>jubes</span> <span class='ocrx_word' id='word_1_109' title='bbox 1164 3089 1304 3178; x_wconf 86' lang='lat' dir='ltr'>posteris</span> <span class='ocrx_word' id='word_1_110' title='bbox 1320 3110 1430 3153; x_wconf 85' lang='lat' dir='ltr'>exem-</span> 
     </span>
     <span class='ocr_line' id='line_1_16' title="bbox 226 3191 1429 3286; baseline -0.006 -25"><span class='ocrx_word' id='word_1_111' title='bbox 226 3197 281 3283; x_wconf 89' lang='lat' dir='ltr'>pla</span> <span class='ocrx_word' id='word_1_112' title='bbox 296 3198 414 3284; x_wconf 91' lang='lat' dir='ltr'>quibus</span> <span class='ocrx_word' id='word_1_113' title='bbox 437 3199 491 3265; x_wconf 89' lang='lat' dir='ltr'>vel</span> <span class='ocrx_word' id='word_1_114' title='bbox 510 3201 697 3286; x_wconf 85' lang='lat' dir='ltr'>jocunditas</span> <span class='ocrx_word' id='word_1_115' title='bbox 713 3203 872 3268; x_wconf 86' lang='lat' dir='ltr'>excitetur</span> <span class='ocrx_word' id='word_1_116' title='bbox 894 3201 948 3267; x_wconf 87' lang='lat' dir='ltr'>vel</span> <span class='ocrx_word' id='word_1_117' title='bbox 971 3198 1148 3265; x_wconf 75' lang='lat' dir='ltr'>aedificetur</span> <span class='ocrx_word' id='word_1_118' title='bbox 1173 3195 1290 3260; x_wconf 88' lang='lat' dir='ltr'>ethica.</span> <span class='ocrx_word' id='word_1_119' title='bbox 1334 3191 1429 3256; x_wconf 87' lang='lat' dir='ltr'>Licet</span> 
     </span>
     <span class='ocr_line' id='line_1_17' title="bbox 225 3296 1428 3391; baseline -0.008 -25"><span class='ocrx_word' id='word_1_120' title='bbox 225 3299 426 3386; x_wconf 86' lang='lat' dir='ltr'>impossibile</span> <span class='ocrx_word' id='word_1_121' title='bbox 435 3303 516 3368; x_wconf 85' lang='lat' dir='ltr'>mihi</span> <span class='ocrx_word' id='word_1_122' title='bbox 528 3305 570 3368; x_wconf 93' lang='lat' dir='ltr'>sit</span> <span class='ocrx_word' id='word_1_123' title='bbox 584 3305 647 3371; x_wconf 87' lang='lat' dir='ltr'>hoc</span> <span class='ocrx_word' id='word_1_124' title='bbox 661 3306 863 3385; x_wconf 89' lang='lat' dir='ltr'>mandatum,</span> <span class='ocrx_word' id='word_1_125' title='bbox 879 3304 954 3391; x_wconf 87' lang='lat' dir='ltr'>quia</span> <span class='ocrx_word' id='word_1_126' title='bbox 969 3323 1092 3389; x_wconf 86' lang='lat' dir='ltr'>pauper</span> <span class='ocrx_word' id='word_1_127' title='bbox 1106 3309 1203 3386; x_wconf 88' lang='lat' dir='ltr'>poeta</span> <span class='ocrx_word' id='word_1_128' title='bbox 1218 3296 1322 3362; x_wconf 90' lang='lat' dir='ltr'>nescit</span> <span class='ocrx_word' id='word_1_129' title='bbox 1336 3303 1428 3358; x_wconf 89' lang='lat' dir='ltr'>antra</span> 
     </span>
     <span class='ocr_line' id='line_1_18' title="bbox 225 3395 1429 3492; baseline -0.008 -24"><span class='ocrx_word' id='word_1_130' title='bbox 225 3425 403 3486; x_wconf 88' lang='lat' dir='ltr'>musarum,</span> <span class='ocrx_word' id='word_1_131' title='bbox 426 3427 494 3469; x_wconf 92' lang='lat' dir='ltr'>non</span> <span class='ocrx_word' id='word_1_132' title='bbox 521 3405 649 3472; x_wconf 90' lang='lat' dir='ltr'>difficile</span> <span class='ocrx_word' id='word_1_133' title='bbox 669 3406 774 3492; x_wconf 86' lang='lat' dir='ltr'>legere</span> <span class='ocrx_word' id='word_1_134' title='bbox 795 3408 848 3474; x_wconf 85' lang='lat' dir='ltr'>vel</span> <span class='ocrx_word' id='word_1_135' title='bbox 863 3406 1002 3473; x_wconf 90' lang='lat' dir='ltr'>scribere</span> <span class='ocrx_word' id='word_1_136' title='bbox 1024 3404 1112 3491; x_wconf 92' lang='lat' dir='ltr'>quod</span> <span class='ocrx_word' id='word_1_137' title='bbox 1134 3399 1230 3467; x_wconf 89' lang='lat' dir='ltr'>bonis</span> <span class='ocrx_word' id='word_1_138' title='bbox 1253 3419 1311 3463; x_wconf 90' lang='lat' dir='ltr'>sua</span> <span class='ocrx_word' id='word_1_139' title='bbox 1332 3395 1429 3460; x_wconf 82' lang='lat' dir='ltr'>faciat</span> 
     </span>
     <span class='ocr_line' id='line_1_19' title="bbox 225 3505 1427 3594; baseline -0.007 -24"><span class='ocrx_word' id='word_1_140' title='bbox 225 3506 305 3570; x_wconf 92' lang='lat' dir='ltr'>utile</span> <span class='ocrx_word' id='word_1_141' title='bbox 320 3506 462 3588; x_wconf 85' lang='lat' dir='ltr'>bonitas,</span> <span class='ocrx_word' id='word_1_142' title='bbox 478 3531 552 3574; x_wconf 92' lang='lat' dir='ltr'>cum</span> <span class='ocrx_word' id='word_1_143' title='bbox 568 3509 677 3575; x_wconf 86' lang='lat' dir='ltr'>omnia</span> <span class='ocrx_word' id='word_1_144' title='bbox 698 3510 794 3575; x_wconf 86' lang='lat' dir='ltr'>bonis</span> <span class='ocrx_word' id='word_1_145' title='bbox 817 3518 1032 3594; x_wconf 90' lang='lat' dir='ltr'>cooperentur</span> <span class='ocrx_word' id='word_1_146' title='bbox 1053 3507 1087 3570; x_wconf 93' lang='lat' dir='ltr'>in</span> <span class='ocrx_word' id='word_1_147' title='bbox 1108 3505 1245 3582; x_wconf 87' lang='lat' dir='ltr'>bonum,</span> <span class='ocrx_word' id='word_1_148' title='bbox 1258 3521 1319 3565; x_wconf 90' lang='lat' dir='ltr'>nec</span> <span class='ocrx_word' id='word_1_149' title='bbox 1333 3507 1427 3562; x_wconf 82' lang='lat' dir='ltr'>terrae</span> 
     </span>
     <span class='ocr_line' id='line_1_20' title="bbox 225 3607 1428 3697; baseline -0.011 -21"><span class='ocrx_word' id='word_1_150' title='bbox 225 3607 320 3676; x_wconf 80' lang='lat' dir='ltr'>bunoe</span> <span class='ocrx_word' id='word_1_151' title='bbox 330 3610 483 3674; x_wconf 87' lang='lat' dir='ltr'>mandare</span> <span class='ocrx_word' id='word_1_152' title='bbox 498 3610 623 3676; x_wconf 86' lang='lat' dir='ltr'>semina</span> <span class='ocrx_word' id='word_1_153' title='bbox 638 3633 710 3697; x_wconf 74' lang='lat' dir='ltr'>quae</span> <span class='ocrx_word' id='word_1_154' title='bbox 725 3611 907 3697; x_wconf 86' lang='lat' dir='ltr'>proficiant.</span> <span class='ocrx_word' id='word_1_155' title='bbox 931 3611 996 3676; x_wconf 86' lang='lat' dir='ltr'>Sed</span> <span class='ocrx_word' id='word_1_156' title='bbox 1008 3609 1080 3695; x_wconf 86' lang='lat' dir='ltr'>quis</span> <span class='ocrx_word' id='word_1_157' title='bbox 1089 3607 1234 3672; x_wconf 86' lang='lat' dir='ltr'>animum</span> <span class='ocrx_word' id='word_1_158' title='bbox 1243 3623 1383 3687; x_wconf 90' lang='lat' dir='ltr'>nequam</span> <span class='ocrx_word' id='word_1_159' title='bbox 1394 3607 1428 3663; x_wconf 89' lang='lat' dir='ltr'>et</span> 
     </span>
     <span class='ocr_line' id='line_1_21' title="bbox 225 3703 1428 3799; baseline -0.007 -23"><span class='ocrx_word' id='word_1_160' title='bbox 225 3711 384 3776; x_wconf 83' lang='lat' dir='ltr'>diseolum</span> <span class='ocrx_word' id='word_1_161' title='bbox 414 3715 550 3794; x_wconf 84' lang='lat' dir='ltr'>excolat,</span> <span class='ocrx_word' id='word_1_162' title='bbox 576 3737 651 3780; x_wconf 90' lang='lat' dir='ltr'>curn</span> <span class='ocrx_word' id='word_1_163' title='bbox 677 3715 764 3780; x_wconf 85' lang='lat' dir='ltr'>dicat</span> <span class='ocrx_word' id='word_1_164' title='bbox 790 3715 958 3799; x_wconf 88' lang='lat' dir='ltr'>scriptura,</span> <span class='ocrx_word' id='word_1_165' title='bbox 973 3714 1114 3777; x_wconf 89' lang='lat' dir='ltr'>Acetum</span> <span class='ocrx_word' id='word_1_166' title='bbox 1137 3710 1171 3774; x_wconf 91' lang='lat' dir='ltr'>in</span> <span class='ocrx_word' id='word_1_167' title='bbox 1193 3707 1291 3786; x_wconf 90' lang='lat' dir='ltr'>nitro,</span> <span class='ocrx_word' id='word_1_168' title='bbox 1316 3713 1350 3771; x_wconf 88' lang='lat' dir='ltr'>et</span> <span class='ocrx_word' id='word_1_169' title='bbox 1370 3703 1428 3789; x_wconf 87' lang='lat' dir='ltr'>qui</span> 
     </span>
     <span class='ocr_line' id='line_1_22' title="bbox 225 3809 1427 3906; baseline -0.001 -26"><span class='ocrx_word' id='word_1_170' title='bbox 225 3823 334 3880; x_wconf 85' lang='lat' dir='ltr'>cantat</span> <span class='ocrx_word' id='word_1_171' title='bbox 348 3819 491 3884; x_wconf 83' lang='lat' dir='ltr'>carmina</span> <span class='ocrx_word' id='word_1_172' title='bbox 504 3820 593 3886; x_wconf 90' lang='lat' dir='ltr'>cordi</span> <span class='ocrx_word' id='word_1_173' title='bbox 608 3820 784 3906; x_wconf 79' lang='lat' dir='ltr'>pessimo*</span> <span class='ocrx_word' id='word_1_174' title='bbox 800 3817 952 3884; x_wconf 84' lang='lat' dir='ltr'>Carmina</span> <span class='ocrx_word' id='word_1_175' title='bbox 977 3815 1119 3883; x_wconf 87' lang='lat' dir='ltr'>cantavit</span> <span class='ocrx_word' id='word_1_176' title='bbox 1134 3812 1262 3894; x_wconf 85' lang='lat' dir='ltr'>Sadius,</span> <span class='ocrx_word' id='word_1_177' title='bbox 1278 3809 1305 3876; x_wconf 89' lang='lat' dir='ltr'>si</span> <span class='ocrx_word' id='word_1_178' title='bbox 1319 3810 1427 3897; x_wconf 86' lang='lat' dir='ltr'>placet</span> 
     </span>
     <span class='ocr_line' id='line_1_23' title="bbox 225 3917 344 3985; baseline 0.025 -6"><span class='ocrx_word' id='word_1_179' title='bbox 225 3917 344 3985; x_wconf 83' lang='lat' dir='ltr'>audire.</span> 
     </span>
    </p>
   </div>
   <div class='ocr_carea' id='block_1_7' title="bbox 664 4125 892 4175">
    <p class='ocr_par' dir='ltr' id='par_1_7' title="bbox 664 4125 892 4175">
     <span class='ocr_line' id='line_1_24' title="bbox 664 4125 892 4175; baseline -0.004 0"><span class='ocrx_word' id='word_1_180' title='bbox 664 4125 680 4156; x_wconf 58' lang='grc' dir='ltr'><strong>θ</strong></span> <span class='ocrx_word' id='word_1_181' title='bbox 696 4125 768 4175; x_wconf 79' lang='lat' dir='ltr'>Prot.</span> <span class='ocrx_word' id='word_1_182' title='bbox 779 4139 837 4174; x_wconf 80' lang='lat' dir='ltr'>nr.</span> <span class='ocrx_word' id='word_1_183' title='bbox 849 4126 892 4174; x_wconf 81' lang='lat'>20.</span> 
     </span>
    </p>
   </div>
   <div class='ocr_carea' id='block_1_8' title="bbox 0 0 1808 4862">
    <p class='ocr_par' dir='ltr' id='par_1_8' title="bbox 0 0 1808 4862">
     <span class='ocr_line' id='line_1_25' title="bbox 0 0 1808 4862; baseline 0 3"><span class='ocrx_word' id='word_1_184' title='bbox 0 0 1808 4862; x_wconf 95' lang='lat' dir='ltr'> </span> 
     </span>
    </p>
   </div>
  </div>
 </body>
</html>
