3650 4852
270 523 333 589 Cap.
344 521 426 587 ulit]
639 522 687 568 DE
711 521 823 568 NUGIS
846 521 1071 569 CURIALIUM.

256 675 368 740 multis
390 672 546 739 adversus
561 673 743 738 Dominum
758 683 791 738 et
813 674 967 740 adversus
992 675 1142 741 Christos
1167 675 1237 760 ejus
1263 672 1456 760 privilegiati

257 777 423 841 redierunt
454 777 582 862 injuriis
614 777 648 840 in
673 777 808 842 coneilio
838 778 1049 841 Lateranensi
1074 777 1135 842 sub
1160 776 1346 841 Alexandro
1371 797 1457 861 papa

255 879 383 942 tertio*
408 877 580 942 celebrato.
635 879 720 942 Tota
748 879 924 943 multitudo
960 879 1154 963 pontificum
1180 887 1271 943 extra
1296 878 1455 962 adegerat,

256 1003 341 1066 papa
372 980 548 1067 pradictus
578 1001 653 1045 cum
679 979 851 1045 abbatibus
877 989 912 1044 et
940 980 1025 1045 clero
1054 981 1110 1044 vix
1134 981 1347 1066 optinuerunt
1375 979 1456 1064 ipsis

256 1083 354 1148 etiam
369 1081 587 1168 praesentibus
603 1081 768 1146 modicum
783 1081 859 1166 quid
877 1083 955 1146 satis
970 1084 1125 1148 adversus
1140 1105 1251 1148 eorum
1267 1083 1454 1168 privilegia3

256 1194 428 1250 tacuerunt
451 1184 530 1248 dum
545 1185 718 1265 affluerunt,
734 1186 790 1249 sed
807 1184 943 1250 concilio
958 1184 1068 1250 soluto
1083 1187 1194 1250 statim
1209 1186 1335 1270 aperuit
1359 1205 1455 1268 rugas

257 1287 323 1353 oris
356 1287 407 1351 sui
427 1286 558 1350 domina
582 1285 689 1366 bursa,
716 1307 787 1372 quoe
817 1308 891 1350 cum
915 1308 982 1351 non
1010 1287 1054 1351 sit
1078 1292 1200 1365 amor,†
1221 1287 1323 1351 vincit
1345 1295 1457 1351 tamen

257 1389 367 1454 omnia
381 1389 507 1466 Romae,
530 1388 670 1474 factique
694 1409 807 1452 sumus
830 1388 949 1452 iterum
975 1389 1022 1453 eis
1046 1390 1166 1475 praeda,
1192 1389 1366 1475 privilegiis
1391 1389 1458 1452 vir-

257 1491 384 1555 tuosius
409 1488 557 1554 firmatis.
603 1491 783 1556 Proevalent
807 1513 875 1555 non
901 1492 1005 1556 dicam
1030 1491 1138 1555 bursae
1165 1491 1221 1556 sed
1245 1501 1365 1568 vestes,
1387 1513 1456 1554 uon

258 1594 363 1658 dicam
377 1615 525 1680 personae
541 1595 599 1657 sed
613 1593 809 1674 voluntates,
824 1594 986 1680 religionis
999 1603 1120 1658 nostrae
1129 1593 1212 1658 vesti
1224 1593 1412 1658 clericorum
1423 1603 1456 1657 et

257 1697 427 1762 voluntati.
473 1696 633 1761 Crescunt
647 1696 734 1760 enim
749 1718 888 1782 semper,
903 1707 937 1761 et
951 1719 1011 1761 nos
1021 1696 1247 1760 decrescimus.
1294 1695 1455 1760 Altarium

257 1799 325 1864 vita
337 1799 434 1863 nobis
450 1821 469 1862 a
484 1799 628 1863 Domino
647 1799 789 1884 primum
813 1799 898 1878 data,
914 1799 1124 1882 postmodum
1150 1821 1169 1862 a
1190 1797 1378 1882 patriarchis
1404 1807 1457 1862 est

259 1903 411 1967 exhibita.
456 1903 533 1966 Non
550 1901 753 1966 succedimus
769 1902 803 1966 in
818 1902 1016 1981 haereditate,
1031 1901 1178 1986 patribus
1204 1901 1364 1986 negociari
1387 1923 1456 1966 non

256 2005 343 2084 licet,
357 2004 539 2069 mendicare
560 2025 748 2088 possumus.
794 2005 869 2068 Hoc
893 2004 1001 2089 pudor
1025 2005 1139 2081 aufert,
1155 2003 1334 2067 reverentia
1353 2003 1455 2081 vitat3

257 2107 367 2171 vultus
403 2107 466 2170 hoc
496 2115 593 2190 negat
620 2105 791 2170 voluntati.
836 2106 920 2173 Quae
949 2105 1045 2169 nobis
1074 2105 1172 2190 igitur
1201 2104 1380 2169 exhibitio?
1402 2102 1456 2167 vel

258 2209 367 2274 unde?
391 2231 465 2273 curn
481 2208 669 2272 omniafere
684 2217 818 2273 teneant
831 2209 942 2274 altaria
957 2208 1107 2293 religiosi,
1122 2207 1178 2270 vix
1200 2227 1272 2291 quae
1295 2204 1456 2268 sufficiant

260 2310 385 2396 singula
409 2310 544 2394 singulis
569 2311 691 2374 clericis
717 2311 838 2389 altaria,
853 2311 1021 2396 multoque
1046 2311 1155 2394 plures
1179 2309 1245 2371 sint
1268 2307 1331 2390 ipsi
1356 2327 1454 2390 quam

258 2413 339 2498 ipsa,
355 2435 429 2478 cum
444 2410 677 2476 monasterium
694 2411 737 2474 sit
756 2410 944 2476 clericorum
960 2433 1077 2490 carcer,
1093 2419 1127 2474 et
1134 2409 1241 2473 bonus
1256 2408 1309 2471 ille
1324 2407 1454 2472 Jeroni·

257 2537 331 2579 mus
346 2515 442 2593 dicat,
457 2511 579 2577 “Mihi
594 2513 714 2577 securis
730 2514 770 2577 ad
785 2513 925 2577 radicem
936 2523 987 2578 est
996 2512 1115 2598 posita,
1130 2511 1193 2576 nisi
1209 2511 1318 2576 defero
1333 2532 1453 2575 munus

258 2615 299 2680 ad
322 2616 452 2679 altare.''
497 2615 643 2681 Unitatis
658 2617 762 2701 pactis
785 2615 996 2700 optinuerunt
1014 2616 1102 2680 unde
1117 2615 1276 2693 vivamus,
1298 2623 1331 2678 et
1351 2613 1397 2678 eis
1413 2633 1453 2676 ex

258 2718 347 2782 victu
362 2727 474 2781 nostro
497 2717 657 2782 tributarii
678 2719 807 2798 fiamus,
822 2718 926 2803 sitque
954 2721 1187 2783 monasterium
1213 2738 1320 2781 carcer
1342 2736 1455 2779 mona-

258 2820 404 2898 chorum,
420 2841 483 2903 quo
499 2820 604 2884 elerici
619 2842 692 2885 cum
709 2821 859 2885 monachi
869 2821 1031 2885 voluerint
1042 2829 1223 2898 teneantur,
1235 2818 1298 2882 nisi
1309 2818 1455 2882 deferant

259 2923 299 2985 ad
314 2921 412 2986 altare
427 2920 596 2988 tributum.
641 2923 759 2989 Multis
774 2945 835 2988 nos
862 2923 1074 3008 supplantant
1088 2921 1211 2986 artibus
1226 2929 1260 2984 et
1274 2928 1399 2984 arctent
1413 2917 1454 2982 ab

259 3023 422 3101 ecclesiis3
445 3044 519 3088 cum
534 3024 652 3088 milites
668 3025 709 3088 ad
735 3047 816 3110 quos
828 3025 902 3110 jura
916 3034 1106 3110 patronatus
1127 3023 1293 3110 pertinent
1307 3031 1407 3106 egunt
1421 3029 1455 3085 et

260 3124 322 3190 sibi
357 3135 475 3210 petunt
500 3150 520 3190 a
548 3127 754 3211 templarium
782 3127 835 3191 vel
867 3127 1111 3213 hospitalarium
1148 3125 1314 3190 subveniri
1343 3123 1456 3208 copiis,

258 3229 466 3313 respondent,
489 3229 675 3315 “Suppetit
700 3231 778 3295 satis
801 3230 888 3294 unde
913 3228 1007 3293 vobis
1033 3229 1277 3308 subveniamus,
1303 3227 1361 3291 sed
1386 3247 1454 3291 non

258 3332 334 3396 licet
356 3333 526 3417 quicquam
549 3333 590 3397 de
622 3332 761 3417 pecunia
795 3331 911 3417 templi
938 3331 992 3397 vel
1020 3331 1190 3416 hospitalis
1213 3330 1277 3394 nisi
1302 3327 1455 3392 fratribus

259 3437 438 3521 impertiri3
461 3446 571 3500 tamen
587 3435 614 3498 si
629 3435 861 3499 fraternitatem
877 3443 1021 3499 nostram
1037 3432 1162 3518 ingredi
1175 3431 1327 3509 volueris,
1350 3429 1458 3513 aliqua

260 3538 372 3602 domui
406 3536 542 3600 Domini
570 3537 777 3619 possessione
815 3534 929 3598 collata
963 3533 1184 3598 liberaberis.”
1228 3534 1316 3616 Ergo
1348 3529 1457 3593 miseri

260 3637 379 3724 quibus
404 3637 548 3721 undique
577 3645 729 3699 tenentur
753 3635 890 3701 vinculis
924 3634 1049 3698 absolvi
1078 3634 1256 3719 cupientes,
1279 3630 1354 3716 quia
1375 3630 1457 3693 nihil

258 3750 298 3805 ut
327 3747 445 3824 putant
465 3737 637 3824 possident
669 3741 734 3821 quo
767 3745 909 3821 possunt
940 3735 1125 3798 indemnius
1148 3755 1255 3798 carere
1278 3754 1375 3819 quam
1398 3732 1457 3796 do·

259 3839 447 3907 nationibus
463 3838 680 3917 ecclesiarum,
694 3837 764 3901 illas
776 3837 915 3902 libenter
924 3836 1013 3900 dant.
1058 3836 1107 3901 Ut
1120 3834 1258 3901 libenter
1267 3836 1457 3922 hujusmodi

258 3942 391 4008 fallaciis
406 3965 474 4008 non
489 3941 594 4006 dicam
610 3942 668 4006 sed
693 3940 816 4006 facetiis
842 3947 994 4006 avertunt
1019 3937 1201 4017 simoniam,
1227 3961 1270 4004 ne
1294 3939 1457 4005 Dominus

293 4115 309 4148 *
325 4116 386 4165 This
396 4131 444 4167 nas
454 4114 574 4182 probably
585 4115 628 4164 the
639 4115 737 4180 general
748 4113 844 4165 counoil
909 4114 928 4168 †
946 4111 1038 4162 Omnia
1054 4109 1131 4160 vineit
1149 4126 1227 4172 amor,
1247 4117 1272 4162 et
1285 4127 1331 4162 nos
1342 4112 1458 4162 cedamus

262 4196 360 4247 beldin
373 4197 446 4250 1179.
879 4193 1089 4258 amori-virgil.
1102 4193 1189 4256 Eclog.
1201 4209 1226 4243 x.
1237 4194 1256 4245 l.
1268 4195 1310 4247 69.
