3608 4862
255 592 371 660 canu]
634 591 682 638 ue
705 591 817 640 soors
839 589 1064 641 sumamma
1379 579 1440 640 115

241 743 441 823 ultroneum,
462 741 606 828 urbeque
628 743 740 810 relicta
763 744 909 832 decerpsi
933 745 1020 811 viam
1037 744 1187 811 altissimi
1203 743 1358 826 nemoris,
1373 754 1441 811 eta

242 849 397 914 manain
422 869 590 933 vesperam
616 870 775 933 nusquam
800 852 892 915 frena
916 851 1017 915 tenui.
1063 851 1228 935 Repuerat
1251 870 1304 913 me
1330 870 1442 912 cursor

243 973 346 1036 equus
361 952 402 1015 ad
416 963 526 1036 partes
541 952 774 1016 remotissimas
788 953 970 1039 inopinum,
986 954 1073 1040 quod
1095 965 1134 1018 ut
1155 953 1280 1018 adverti
1293 951 1442 1016 volebam

241 1055 371 1133 reverti,
387 1054 537 1139 sensique
551 1055 639 1139 quod
653 1077 744 1120 amor
753 1055 832 1119 mihi
844 1066 970 1121 tantum
982 1057 1101 1121 fecerat
1111 1077 1271 1133 errorcm3
1293 1053 1441 1117 amabam

244 1156 332 1225 enim
347 1167 381 1222 et
394 1180 462 1222 non
477 1157 628 1235 emebar3
650 1158 842 1244 nesciusque
856 1160 982 1224 riarum
997 1160 1038 1224 ad
1053 1181 1207 1245 magnum
1221 1168 1256 1223 et
1269 1154 1441 1221 mirificum

244 1261 371 1328 delatras
400 1283 473 1324 sum
503 1269 656 1325 castrum.
711 1261 833 1326 Palatia
852 1261 992 1327 mirabar
1013 1263 1100 1327 intra
1128 1260 1299 1347 praecelsos
1329 1277 1440 1324 muros

244 1363 410 1442 altissima,
435 1363 549 1428 domos
573 1362 741 1443 eburneas,
756 1365 933 1430 claritatem
959 1375 993 1431 et
1015 1365 1178 1430 raritatem
1194 1383 1339 1450 operum.
1373 1360 1444 1423 Aut

243 1466 389 1534 latebant
403 1465 645 1545 inhabitatores,
657 1477 714 1530 aut
727 1467 807 1531 nulli
823 1477 924 1532 erant.
956 1467 1143 1533 'l'ransitum
1154 1467 1216 1531 feci
1231 1486 1289 1552 per
1297 1461 1442 1528 medium

244 1591 348 1656 usque
363 1579 473 1635 mente
495 1589 629 1634 versans
655 1570 743 1655 quod
766 1570 926 1652 dolebam,
952 1581 986 1636 et
1010 1571 1079 1636 sine
1105 1593 1179 1636 meo
1202 1569 1255 1635 vel
1277 1587 1376 1632 sensu
1389 1563 1442 1629 vel

245 1693 416 1753 consensu,
431 1683 497 1737 tam
513 1672 553 1736 ab
569 1694 653 1758 equo
668 1673 785 1738 ductus
800 1695 898 1759 quam
912 1684 1037 1753 vectus,
1059 1675 1100 1739 ad
1114 1673 1270 1759 palatium
1287 1670 1322 1734 in
1341 1667 1442 1733 muns

244 1774 463 1853 interioribus,
489 1773 577 1859 quod
595 1773 808 1859 praeminebat
832 1775 915 1855 aliis,
941 1797 1022 1842 mere
1036 1775 1171 1842 visionis
1186 1771 1441 1839 illustrissimum

246 1877 411 1965 respiravi,
442 1876 581 1962 respexi,
617 1877 752 1941 miratus
788 1899 871 1958 sum,
906 1901 1004 1964 eques
1039 1880 1084 1945 ivi
1113 1901 1172 1964 per
1207 1876 1374 1964 palatium,
1410 1879 1444 1936 et

245 1986 409 2048 neminem
423 1979 602 2060 inveniens,
627 2000 687 2064 per
710 1981 888 2046 maximum
913 1982 1093 2047 thalamum
1112 1993 1146 2048 et
1169 1982 1252 2046 duos
1276 1977 1444 2044 ulteriores

245 2084 377 2150 hortum
402 2083 566 2168 ingressus
590 2083 836 2167 amplissimum,
858 2086 999 2169 puellam
1021 2085 1131 2150 inveni
1154 2084 1215 2148 sub
1237 2077 1444 2147 floridissima

246 2187 330 2269 cino,
359 2208 469 2273 panno
495 2187 596 2251 serico
621 2187 770 2271 regaliter
794 2187 1000 2254 insidentem.
1044 2188 1250 2253 Descendere
1279 2184 1443 2270 parabam,

246 2299 280 2356 et
302 2289 416 2356 debilis
442 2309 509 2376 prm
531 2288 723 2354 lassitudine
749 2291 860 2370 cecidi,
886 2314 1002 2377 passus
1032 2290 1220 2377 aliquandiu
1245 2309 1378 2352 suavem
1401 2283 1443 2348 ad

244 2393 345 2478 pedes
362 2392 433 2478 ejus
455 2392 603 2457 extasim.
648 2392 709 2456 Illa
722 2414 800 2457 vero
818 2395 909 2459 nullo
925 2404 1019 2459 motu
1043 2393 1289 2458 similitudinem
1303 2386 1445 2453 habebat

244 2496 386 2562 videntis
415 2505 473 2559 aut
499 2495 650 2560 viventis.
711 2495 843 2561 surrexi
870 2497 1038 2583 clipeoque
1072 2519 1147 2563 cum
1184 2497 1277 2560 hasta
1305 2490 1444 2577 rejectis,

246 2621 355 2665 coram
383 2599 455 2684 ipsa
484 2599 621 2684 supplex
646 2620 750 2683 genua
775 2598 861 2679 flexi,
886 2600 1022 2666 salutem
1053 2599 1121 2664 dixi
1150 2597 1339 2684 supplicem.
1385 2592 1447 2657 Illa

247 2701 339 2766 nihil.
382 2700 498 2786 Adjeci
513 2700 665 2786 quicquid
684 2722 878 2785 responsum
893 2703 1008 2768 mereri
1022 2702 1135 2767 debuit
1145 2727 1156 2782 3
1178 2700 1314 2766 verbum
1336 2705 1446 2761 autem

247 2803 289 2868 ab
304 2825 342 2869 ea
355 2827 423 2870 nou
445 2803 577 2883 extorsi,
602 2803 660 2868 sed
686 2803 801 2870 silebat
823 2805 926 2870 instar
956 2805 1127 2893 ymaginis.
1172 2803 1295 2869 Puduit
1307 2823 1360 2866 me
1376 2799 1446 2862 sine

249 2909 341 2993 signo
370 2909 498 2988 reverti,
529 2907 680 2992 quodque
710 2907 804 2973 fateri
836 2909 976 2975 dedecus
1006 2919 1067 2990 est,
1093 2910 1198 2995 ipsam
1229 2907 1379 2994 supinam
1409 2910 1447 2967 ut

247 3010 406 3096 primitias
427 3009 562 3096 pudoris
584 3011 762 3095 acciperem
776 3011 930 3078 violentia
951 3021 1021 3078 tota
1037 3013 1157 3079 violare
1179 3011 1300 3099 paravi.
1345 3006 1448 3073 Cum-

249 3135 312 3198 que
327 3133 362 3177 se
376 3113 459 3176 tueri
474 3133 540 3175 non
556 3121 669 3197 posset
682 3112 851 3193 exclamat,
874 3114 1006 3179 Rivium
1028 3116 1173 3181 advocat.
1219 3113 1334 3179 Rivius
1349 3111 1448 3176 advo·

247 3215 305 3281 lat.
349 3215 430 3280 Erat
457 3225 565 3279 autem
590 3216 679 3300 gigas
708 3215 862 3281 inaudita
891 3228 1035 3300 staturae,
1065 3217 1297 3303 magnitudinis
1322 3214 1447 3291 inrisae,

249 3319 344 3405 cujus
359 3316 583 3402 congressibus
598 3325 715 3402 praeter
729 3316 897 3383 dominum
909 3341 1017 3405 regem
1029 3328 1064 3384 et
1075 3319 1220 3397 Sadium,
1235 3317 1328 3381 miles
1341 3314 1448 3380 omnis

248 3422 355 3508 impar
373 3429 516 3484 armatus
542 3418 635 3483 affuit
649 3419 875 3504 competentiae
900 3443 979 3501 sure,
1004 3421 1163 3487 caballum
1185 3420 1340 3497 insidens,
1363 3415 1449 3482 oculi

251 3524 299 3590 sui
328 3543 427 3609 super
461 3521 569 3587 loricae
605 3522 776 3587 ventacula
811 3545 1019 3588 accensorum
1057 3523 1178 3588 similes
1214 3521 1448 3607 lampadarum.

249 3624 370 3704 Timui,
392 3626 507 3703 fateor,
530 3632 565 3688 et
581 3622 706 3703 erubui,
733 3625 791 3688 sed
813 3625 882 3710 jam
907 3647 995 3690 nunc
1018 3647 1078 3710 pro
1102 3625 1281 3690 reverentia
1304 3621 1388 3708 regis
1413 3629 1448 3686 et

250 3727 422 3792 assidentis
438 3726 468 3790 ci
482 3725 683 3811 principatus
705 3715 895 3790 misereatur
909 3726 974 3790 mei
987 3727 1108 3811 regina,
1130 3747 1171 3790 ne
1187 3724 1361 3789 subsecuta
1375 3743 1448 3786 nar-

248 3829 332 3894 ratio
346 3826 426 3892 mihi
440 3827 499 3891 fiat
513 3826 725 3912 opprobrium
739 3827 928 3892 retemum.''
973 3828 1045 3892 Rex
1054 3827 1153 3913 igitur
1163 3837 1197 3891 et
1208 3823 1449 3891 circumstantia

249 3939 321 3996 tota
334 3929 555 3994 misericordia
569 3929 649 3994 moti
664 3929 706 3993 ad
716 3928 863 3994 lacrimas
877 3951 937 4015 pro
949 3929 1076 3996 Galone
1092 3929 1286 4016 supplicant,
1301 3937 1334 3994 et
1347 3926 1449 3992 invic-

249 4032 409 4099 tissimam
434 4032 593 4120 tygridem
616 4053 746 4099 movere
769 4054 836 4097 nou
861 4043 1012 4120 possunt,
1034 4043 1073 4100 ut
1097 4033 1150 4100 rel
1175 4055 1287 4099 eorum
1309 4031 1449 4117 aliquem
