3610 4852
405 543 464 602 182
826 555 1016 601 cunarum
1039 555 1161 598 nuens
1406 529 1527 616 [metina.
1541 553 1587 604 ιν.

398 729 495 794 quem
512 704 754 770 admirabantur
768 715 860 791 pater
874 708 945 791 ejus
960 715 994 771 et
1009 715 1112 770 mater
1127 715 1161 770 et
1174 713 1245 769 tota
1259 707 1349 770 natio
1374 727 1442 790 prae
1469 704 1603 770 scientia

398 811 432 875 in
448 832 549 896 puero
565 819 701 874 matura.
747 810 812 875 Hic
838 832 914 876 oum
936 819 1024 874 esset
1039 809 1196 875 sollicitus
1211 807 1252 873 de
1267 808 1371 872 salute
1385 809 1502 874 animae
1524 829 1602 886 sua,

397 937 464 980 non
489 915 616 979 invenit
638 914 674 978 in
698 914 769 999 lege
793 913 964 999 gentilium
991 913 1078 976 unde
1094 934 1186 997 spem
1202 912 1396 996 conciperet.
1442 912 1601 977 Scrutatis

396 1018 496 1103 igitur
508 1028 638 1102 patrum
654 1016 893 1095 traditionibus,
909 1016 950 1080 ad
965 1016 1174 1080 christianam
1200 1036 1236 1080 se
1261 1015 1401 1080 contulit
1422 1016 1601 1095 veritatem,

398 1119 623 1206 Templaribus
633 1119 808 1205 baptismo,
819 1120 895 1199 fide,
908 1120 1061 1184 societate
1072 1119 1276 1204 conjunctus.
1300 1117 1364 1182 cni
1375 1141 1449 1183 cum
1459 1119 1600 1204 acceptis

395 1223 535 1288 induciis
561 1233 653 1309 pater
668 1224 739 1308 ejus
754 1232 788 1288 et
803 1233 906 1288 mater
923 1237 957 1288 et
973 1244 1041 1287 suae
1056 1232 1221 1308 magnates
1247 1222 1421 1307 parentelae
1446 1225 1601 1288 secretius

395 1327 614 1412 loquerentur,
629 1335 667 1390 ut
681 1327 791 1412 ipsum
806 1325 898 1411 quasi
914 1325 953 1390 ab
969 1347 1076 1391 errore
1088 1325 1230 1391 lacerent
1249 1325 1405 1410 resipisci,
1420 1325 1600 1411 respondit,

396 1428 602 1494 “Carissimo
633 1439 735 1514 pater,
759 1431 814 1515 qui
841 1429 999 1515 sapientia
1033 1428 1206 1514 praemines
1232 1427 1314 1506 aliis,
1340 1438 1378 1492 tu
1403 1429 1484 1495 mihi
1511 1431 1599 1494 solus

397 1530 526 1595 omissis
536 1531 709 1616 lachrymis
719 1532 771 1595 dic
781 1553 878 1617 quam
890 1541 1070 1617 expectens
1081 1530 1343 1596 diisanimoetuae
1352 1531 1599 1598 retributionem

393 1654 454 1718 pro
478 1633 636 1719 impensis
662 1633 860 1719 obsequiis.”
903 1636 989 1699 'lhrm
1015 1633 1081 1714 ille,
1107 1633 1315 1699 “Carissime
1336 1634 1393 1715 fili,
1414 1635 1598 1720 paradisum

395 1736 491 1801 nobis
520 1749 783 1823 preparaverunt
812 1738 856 1802 dii
882 1738 997 1818 nostri,
1022 1738 1104 1803 lecte
1130 1747 1165 1803 et
1193 1737 1288 1802 melle
1314 1737 1443 1802 duobus
1472 1740 1598 1825 magnis

395 1839 584 1905 fluminibus
601 1850 798 1920 manantem,
813 1841 937 1928 eritque
952 1840 1048 1906 nobis
1072 1841 1107 1906 in
1129 1841 1225 1906 melle
1240 1862 1336 1926 sapor
1351 1841 1497 1906 omnium
1513 1841 1598 1906 desi·

395 1942 585 2008 durabilium
615 1942 772 2024 ciborum,
798 1943 892 2008 etin
917 1945 999 2008 lacte
1029 1942 1202 2029 cujuslibet
1233 1943 1403 2008 delectatio
1432 1944 1598 2029 liquoris.’'

394 2047 454 2112 Ait
468 2069 544 2133 ergo
570 2048 688 2128 Salius,
700 2049 768 2113 “Si
791 2071 858 2113 non
884 2047 1095 2133 appetieritis,
1109 2069 1176 2111 non
1192 2057 1288 2112 erunt
1303 2047 1445 2112 deliciae:
1472 2051 1597 2134 appeti-

394 2151 494 2232 eritis,
510 2174 574 2238 quo
589 2153 663 2238 plus
678 2153 814 2217 multam
831 2151 1031 2216 saturitatem
1046 2151 1088 2215 ad
1109 2151 1265 2237 requisita
1280 2151 1447 2216 divertetis
1462 2163 1596 2221 natura.

395 2253 580 2338 Corporalis
595 2253 683 2318 enirn
699 2252 791 2318 cibus
807 2263 864 2317 aut
877 2262 975 2338 potus
991 2273 1182 2317 evanescere
1197 2275 1263 2317 non
1280 2262 1400 2338 potest,
1417 2255 1595 2318 necessaria

392 2365 431 2418 ut
444 2356 590 2420 habeatis
605 2378 737 2422 necesse
753 2366 813 2436 est,
829 2365 863 2421 et
877 2366 988 2441 pereat
1002 2356 1171 2441 paradisus
1186 2377 1258 2441 quae
1273 2355 1330 2420 tali
1347 2366 1421 2442 eget
1436 2356 1596 2442 tugurio.'’

393 2457 551 2522 Videntes
576 2458 674 2543 igitur
698 2457 749 2522 sui
774 2458 877 2543 legem
904 2467 1033 2542 patrum
1058 2479 1192 2522 suorum
1218 2456 1258 2521 ab
1285 2457 1357 2542 ipso
1381 2457 1539 2538 delusam,
1564 2469 1596 2522 et

391 2571 505 2625 contra
544 2559 759 2625 constantiam
790 2561 861 2644 ejus
886 2580 998 2624 eorum
1023 2580 1140 2622 vanam
1170 2559 1370 2640 instantiam,
1394 2571 1596 2625 recesserunt

393 2686 467 2728 cum
482 2664 654 2751 lachrymis
670 2663 899 2729 maledicentes
910 2663 951 2728 ei.
990 2662 1067 2748 lpse
1079 2673 1188 2727 autem
1203 2684 1264 2728 nec
1277 2684 1413 2727 uxorem
1428 2663 1523 2730 duxit
1536 2685 1594 2729 nec

391 2767 492 2834 boves
507 2766 667 2854 probavit.

738 3061 787 3124 De
803 3059 907 3125 Aloao
921 3080 993 3144 repe
1008 3061 1186 3124 Britoaum.
1224 3081 1277 3124 xv.

433 3282 620 3346 Atrianus
637 3280 761 3363 Rebrit,
782 3282 922 3348 i.e.rex
946 3283 1154 3362 Britonum,*
1179 3302 1315 3347 uxorem
1341 3283 1474 3348 sinistro
1499 3285 1592 3349 duxit

390 3386 535 3472 auspicio
564 3408 708 3452 sororem
742 3387 826 3472 regis
860 3387 1072 3465 Francorum,
1101 3407 1212 3450 eomes
1233 3385 1304 3471 ipse
1330 3387 1537 3453 Redonensis
1558 3400 1591 3453 et

388 3491 491 3556 totius
508 3490 686 3555 Britannia
701 3491 836 3555 minoris
862 3489 1024 3569 dominus,
1047 3499 1081 3554 et
1095 3490 1186 3576 quasi
1201 3511 1269 3553 rex.
1313 3491 1395 3555 Erat
1416 3501 1495 3556 tune
1509 3502 1590 3558 tem-

388 3595 476 3680 poris
513 3616 623 3660 comes
650 3593 882 3666 Leoviensium
914 3593 1114 3672 Remelinus,
1145 3593 1201 3677 qui
1226 3592 1303 3657 licet
1325 3593 1426 3658 Alani
1462 3596 1589 3680 juratus

389 3708 476 3764 esset
501 3708 535 3763 et
554 3699 625 3783 ejus
642 3698 753 3778 homo,
776 3697 954 3763 insolenter
976 3706 1086 3761 tamen
1112 3719 1147 3761 se
1166 3695 1307 3761 habebat
1332 3707 1365 3762 et
1384 3699 1526 3765 vitantes
1550 3701 1587 3764 ad

421 3860 480 3912 *lt
491 3863 513 3911 is
523 3867 569 3912 not
578 3878 637 3925 very
648 3877 705 3925 easy
716 3868 742 3910 to
764 3877 807 3925 say
817 3862 873 3910 who
891 3861 912 3910 ir
931 3861 973 3909 the
1005 3860 1164 3923 daughterol
1177 3861 1504 3927 WilliamtheConqneror.
1538 3863 1588 3913 The

388 3943 453 3992 Alsa
477 3944 574 3993 alluded
596 3949 623 3992 to
647 3945 716 3994 here.
749 3943 802 3992 The
822 3943 871 3992 last
887 3942 917 3990 ol
930 3943 972 3991 the
1005 3942 1083 3992 dulces
1095 3941 1123 3991 ol
1132 3942 1235 4005 Britany
1246 3949 1272 3992 at
1284 3943 1501 4009 thistimeusually
1506 3945 1588 4009 J'oined

389 4025 555 4074 Alanadulres
574 4027 603 4075 of
619 4024 972 4090 Britanywashlanl‘ergent
1003 4023 1046 4073 the
1056 4023 1112 4073 title
1123 4023 1152 4072 of
1165 4030 1241 4074 count
1252 4025 1281 4074 of
1296 4025 1392 4075 Reunes
1406 4024 1501 4085 (comer
1512 4026 1587 4076 Redo-

388 4103 585 4168 (loss-1112),
610 4107 666 4156 who
688 4105 792 4155 married
820 4105 969 4164 Constauce
1003 4106 1099 4171 maie)
1112 4106 1507 4172 withthatolduheolllriteny.
