3650 4852
414 495 458 552 50
848 505 1036 552 ousnrnnr
1061 503 1182 548 uenas
1441 501 1560 565 [onena
1574 500 1598 549 1.

413 659 552 746 gignunt
572 658 643 722 haeo
665 656 699 722 in
713 656 841 722 filiabus
856 656 922 721 tuis
948 667 982 721 et
995 655 1070 720 filiis
1084 655 1178 734 lucis,
1201 651 1436 738 possessiones,
1458 651 1615 737 patrimo·

414 762 480 840 nia,
495 761 776 839 monasteriorum,
788 757 995 824 ecclesiarum
1010 756 1051 821 ab
1072 766 1194 820 aeterno
1212 757 1280 820 lore
1303 775 1465 839 possessa,
1481 763 1515 818 et
1524 754 1615 838 juste

414 861 559 942 obtenta,
574 863 741 947 diripiunt,
762 884 857 926 suurn
880 859 994 924 dieunt
1015 859 1194 944 proprium,
1217 857 1354 922 cumeis
1378 856 1519 922 debeant
1542 876 1614 920 esse

414 987 489 1032 cum
505 965 656 1030 omnibus
672 963 865 1028 Christianis
887 962 996 1028 omnia
1021 961 1216 1026 communia.
1274 959 1415 1024 Romani
1440 959 1520 1023 mihi
1544 957 1614 1022 lau-

415 1069 495 1133 dant
508 1067 744 1146 auctoritatem,
768 1066 819 1131 cui
833 1066 913 1152 largi
938 1065 1080 1144 fuerunt,
1095 1073 1133 1128 ιιι
1146 1061 1343 1148 privigilium
1367 1061 1525 1126 referrent
1537 1084 1613 1127 ave·

413 1169 515 1248 ritiae3
534 1169 645 1253 junior
659 1167 716 1248 fui,
731 1167 853 1232 etenim
868 1166 992 1245 senui*
1012 1175 1046 1230 et
1060 1187 1127 1230 non
1141 1164 1211 1229 ridi
1224 1184 1400 1249 pauperem
1416 1165 1533 1228 referre
1547 1162 1613 1247 pri-

414 1272 579 1357 vilegium,
593 1292 653 1336 nec
668 1291 779 1335 semen
794 1271 864 1355 ejus
879 1277 992 1334 contra
1013 1269 1068 1353 jus
1086 1287 1260 1332 commune
1283 1265 1486 1351 singulariter
1510 1265 1613 1349 impe·

415 1383 511 1453 trare,
533 1373 608 1459 quia
621 1372 656 1436 in
674 1395 811 1458 quorum
834 1370 984 1435 manibus
1009 1368 1196 1454 iniquitates
1226 1378 1313 1449 sunt,
1339 1367 1472 1434 dextera
1500 1388 1613 1432 eorum

415 1475 538 1559 repleta
552 1484 603 1539 est
612 1475 813 1554 muneribus,
828 1472 961 1558 etquis,

717 1617 744 1667 Si
755 1617 818 1666 nihil
827 1617 950 1677 attuleris,
961 1617 1018 1676 ibis,
1030 1617 1148 1678 Homero,
1161 1617 1237 1666 foras.

416 1733 597 1797 Dominum
626 1732 718 1796 aiunt
746 1730 892 1796 omnium
921 1730 1126 1795 ecelesiarum
1151 1753 1281 1816 papam,
1305 1739 1340 1795 et
1363 1729 1427 1815 ipsi
1452 1729 1547 1794 licere
1577 1738 1615 1793 ut

418 1834 534 1900 evellat
549 1843 581 1898 et
596 1834 752 1910 destruat,
775 1833 912 1899 aedificet
927 1843 961 1898 et
982 1834 1124 1918 plantet3
1148 1834 1256 1917 justos
1281 1841 1390 1897 eutem
1417 1853 1451 1895 se
1477 1830 1517 1894 ab
1541 1830 1613 1915 ipso

417 1937 539 2022 rapinae
553 1957 758 2021 possessores
772 1945 941 2001 asserunt:
968 1935 1052 1999 hano
1066 1935 1143 1999 alias
1160 1935 1187 1999 si
1201 1933 1283 2000 ratio
1298 1944 1349 1998 est
1361 1933 1430 1997 vidi
1444 1933 1613 1996 rationem.

418 2038 453 2101 N
454 2039 591 2123 egebant
605 2037 767 2124 principes
782 2037 966 2102 Lemovicis
982 2037 1114 2102 domino
1141 2059 1201 2101 suo
1220 2036 1401 2121 Anglorum
1423 2034 1490 2119 regi
1507 2035 1614 2119 justas

418 2140 592 2225 pensiones
607 2149 641 2205 et
656 2140 785 2205 servitia
800 2139 918 2204 debita.
959 2141 1030 2204 Rex
1045 2149 1154 2203 autem
1168 2139 1345 2205 exereitum
1356 2137 1495 2218 induxit,
1507 2136 1615 2201 omnia

417 2243 537 2306 vastari
544 2242 677 2328 jubens.
715 2242 894 2308 Parcebant
915 2243 1013 2326 aliqui
1028 2263 1068 2306 ex
1082 2241 1215 2306 caritate
1229 2240 1446 2327 pauperibus3
1469 2239 1523 2304 alii
1536 2261 1614 2304 vero

418 2345 536 2431 quibus
551 2344 698 2431 placebat
712 2346 864 2432 iniquitas
880 2344 1109 2430 depraedabant
1134 2345 1252 2422 omnia,
1268 2343 1423 2424 dicentes,
1438 2343 1546 2407 “Non
1565 2350 1615 2406 est

418 2448 541 2533 rapina,
551 2471 617 2512 non
627 2457 678 2512 est
685 2448 849 2522 violentia,
859 2469 923 2533 pax
932 2457 983 2512 est
992 2456 1026 2510 et
1034 2446 1219 2512 obedientia
1228 2445 1315 2531 qnod
1324 2446 1478 2510 facimus:
1492 2444 1615 2509 domini

418 2549 502 2634 regis
517 2558 568 2614 est
582 2558 677 2629 terra,
691 2572 752 2614 nos
768 2552 839 2635 ejus
854 2549 1011 2634 operarii;
1034 2570 1156 2613 merces
1171 2558 1284 2613 nostra
1305 2558 1355 2612 est
1375 2548 1467 2612 heac:
1490 2547 1614 2633 indigni

419 2659 498 2714 sunt
511 2649 558 2713 hii
572 2650 628 2735 qui
650 2651 717 2733 regi
732 2651 957 2715 contradicunt
982 2650 1115 2734 injuste,
1129 2673 1190 2714 nos
1214 2661 1323 2715 autem
1349 2651 1438 2736 digni
1456 2650 1510 2736 qui
1532 2672 1615 2735 prse-

420 2752 522 2837 ceptis
545 2751 615 2834 ejus
637 2750 859 2814 insudamus.’'
904 2751 939 2814 N
940 2753 1063 2835 unquid
1078 2775 1145 2816 non
1159 2753 1229 2816 haec
1247 2775 1359 2817 eorum
1379 2775 1443 2817 vox
1459 2753 1514 2837 qui
1530 2751 1615 2817 deci-

419 2875 489 2916 mas
513 2852 673 2931 auferunt,
697 2852 753 2937 qui
777 2874 811 2916 se
835 2852 949 2917 dieunt
974 2853 1143 2932 Hebraeos,
1166 2875 1226 2917 nos
1250 2865 1359 2918 antem
1380 2853 1564 2940 AEgyptios,
1581 2875 1615 2918 se

419 2954 504 3018 filios
525 2954 618 3029 lucis,
638 2975 698 3017 nos
722 2954 950 3019 tenebrarum?
996 2953 1068 3018 Nos
1091 2965 1177 3019 certe
1202 2955 1310 3020 flendo
1337 2955 1540 3036 confitemur,
1555 2978 1616 3020 nos

420 3056 573 3122 omnibus
588 3055 738 3142 indignos
752 3056 858 3137 bonis,
871 3067 904 3122 et
919 3057 1056 3122 scientes
1069 3057 1144 3141 quia
1155 3057 1306 3143 magister
1320 3068 1432 3123 noster
1443 3081 1517 3124 cum
1532 3058 1617 3144 pub-

419 3159 532 3224 licanis
556 3168 591 3223 et
614 3159 837 3244 peccatoribus
859 3162 1043 3238 manducat,
1058 3169 1091 3222 et
1106 3180 1173 3223 non
1187 3159 1278 3225 venit
1298 3182 1413 3226 vocare
1433 3163 1543 3246 justos
1558 3161 1616 3226 sed

421 3265 645 3347 peccatores,†
659 3261 866 3345 poenitemus,
884 3263 1059 3327 streniam
1075 3261 1138 3326 ab
1130 3282 1202 3347 rpso
1218 3282 1395 3346 precamur.
1442 3263 1526 3326 Cum
1541 3285 1617 3349 ergo

420 3386 489 3428 non
503 3365 599 3429 liceat
613 3364 751 3429 ethnicis
766 3363 883 3428 inferre
897 3363 1096 3443 violentiam,
1110 3364 1164 3428 vel
1185 3363 1283 3428 etiam
1307 3365 1347 3428 ad
1371 3364 1470 3429 fidem
1493 3387 1616 3450 cogere,

421 3467 585 3554 quomodo
611 3489 693 3553 quos
717 3468 810 3532 Deus
834 3467 972 3553 suscipit
996 3466 1170 3554 spernendi
1185 3475 1312 3530 suntet
1327 3466 1510 3552 spoliandi?
1550 3467 1616 3532 Cor

421 3572 597 3637 contritum
620 3581 654 3635 et
672 3569 879 3635 humiliatum
893 3571 987 3636 Deus
1013 3580 1124 3635 noster
1147 3591 1215 3634 non
1239 3569 1407 3655 despicit,‡
1432 3569 1488 3654 qui
1510 3579 1545 3634 et
1559 3591 1617 3633 sua

422 3840 469 3872 θ
488 3839 570 3887 Psalnr
581 3838 663 3886 mvi.
676 3839 717 3886 5.
750 3836 1002 3897 Jnuorfutetenim
1068 3836 1163 3894 †.Lue
1175 3851 1199 3884 r.
1215 3837 1257 3884 32.
1291 3836 1419 3885 Ncnreni
1434 3834 1615 3898 voearejmtor

421 3919 500 3978 senui,
511 3924 537 3967 et
553 3934 602 3967 non
614 3919 665 3968 vidi
680 3919 775 3980 justum
794 3919 947 3978 derelictum,
957 3933 1002 3966 nee
1035 3917 1077 3967 sed
1089 3916 1463 3981 peeoetorasadpoenitentiam.

422 4014 506 4049 semen
517 4001 569 4061 ejus
580 4014 692 4062 querens
702 4015 799 4062 panem.
1068 3999 1083 4058 1
1101 3997 1183 4046 Psalm
1193 3998 1209 4047 l.
1221 4000 1261 4049 19.
