3608 4862
795 1081 1034 1148 cunerem
1058 1082 1212 1147 Munus

549 1269 646 1362 DE
693 1271 940 1366 NUGIS
989 1272 1456 1368 CURIALIUM

778 1475 1024 1537 DISTINCTIO
1046 1477 1235 1540 QUARTA.

746 1815 863 1900 Incipit
878 1825 1005 1900 quarta.
1050 1819 1216 1902 Prologus.
1259 1817 1281 1881 i.

447 1950 503 2013 An
527 1959 672 2015 nostram
696 1953 842 2019 omnium
865 1953 1114 2020 instructionem
1134 1953 1267 2039 expedit
1296 1962 1334 2017 ut
1365 1973 1462 2017 nemo
1488 1952 1602 2016 clausis

404 2050 505 2114 oculis
528 2052 580 2116 vel
602 2053 732 2119 auribus
749 2055 808 2120 rel
828 2055 935 2140 aliquo
962 2079 1117 2122 sensuum
1144 2055 1325 2121 inofficioso
1353 2055 1452 2134 vivat,
1484 2055 1542 2121 sed
1564 2077 1601 2122 ex

403 2154 500 2219 rebus
521 2165 650 2241 oportet
670 2159 861 2224 extrinsecis
881 2160 1075 2226 intrinsecus
1090 2160 1251 2239 oedificari,
1271 2182 1330 2246 per
1343 2159 1414 2224 haec
1429 2181 1518 2238 sane,
1532 2162 1605 2245 quia

403 2258 480 2322 cccci
501 2281 613 2324 sumus
635 2261 677 2324 ad
698 2263 819 2327 futura.
864 2263 1041 2328 Praesentia
1060 2263 1208 2349 quaedam
1232 2263 1339 2349 palam
1360 2271 1448 2342 sunt,
1469 2273 1504 2328 et
1524 2285 1604 2348 prte-

403 2363 573 2427 teritorum
584 2365 708 2449 aliquot
722 2389 794 2452 quae
809 2389 876 2431 non
891 2368 1033 2434 vidimus
1044 2367 1152 2432 videre
1168 2387 1392 2453 properemus.
1437 2365 1521 2432 Quae
1536 2389 1604 2431 non

403 2465 598 2546 audivimus,
631 2491 699 2532 non
733 2469 947 2550 fastidiamus,
986 2469 1043 2534 sed
1081 2469 1154 2533 Deo
1184 2469 1292 2532 luttrra
1330 2470 1606 2548 commendantes,

402 2569 569 2633 informari
583 2570 774 2635 festinemus
790 2594 830 2636 ex
844 2573 896 2636 his
911 2573 946 2636 in
964 2571 1082 2656 quibus
1098 2571 1193 2634 nobis
1209 2570 1372 2634 Dominus
1394 2571 1605 2636 imitationem

404 2671 525 2755 posuit,
540 2681 597 2734 aut
612 2673 721 2757 fugam
735 2684 885 2738 nostrum
902 2694 1030 2758 semper
1046 2682 1176 2738 orantes
1196 2671 1367 2757 refugium,
1382 2681 1420 2736 ut
1442 2673 1605 2738 electionis

403 2794 494 2858 purae
509 2774 670 2839 bonorum
692 2776 762 2860 ipse
784 2777 819 2840 in
840 2776 935 2841 nobis
957 2775 1231 2854 consecutionem,
1247 2787 1280 2840 et
1296 2775 1381 2859 fugae
1398 2776 1603 2861 malignitatis

403 2877 475 2960 ipse
497 2878 592 2941 faciat
613 2877 777 2962 effugium.
821 2878 926 2943 Video
949 2879 1087 2963 juvenes
1103 2900 1175 2963 quoe
1198 2877 1313 2943 vident
1336 2889 1370 2942 et
1392 2878 1530 2944 audiunt
1554 2880 1603 2945 vel

406 3001 556 3064 spernere
585 2979 638 3044 vel
667 2981 909 3065 parvipendere,
933 2983 1117 3066 multosque
1144 2981 1232 3046 domi
1261 2991 1438 3066 torpentes,
1470 3005 1605 3067 quorum

408 3093 557 3147 senectus
573 3093 629 3146 aut
643 3084 716 3147 vilis
732 3093 783 3147 est
803 3095 861 3148 aut
875 3086 1133 3150 mediocritatem
1149 3106 1216 3148 non
1227 3084 1345 3149 evadit
1391 3084 1530 3150 Puerum
1541 3086 1606 3151 vidi

406 3185 448 3250 de
463 3187 554 3270 cujus
570 3187 667 3251 etiam
683 3187 874 3272 cognatione
897 3187 1027 3273 glorior,
1049 3189 1135 3252 inter
1150 3209 1210 3251 nos
1226 3197 1259 3251 et
1274 3210 1293 3250 a
1307 3187 1401 3252 nobis
1424 3189 1605 3269 educatum,

407 3311 535 3374 semper
556 3291 596 3355 ab
619 3313 674 3355 ore
698 3291 858 3356 narrantis
884 3292 1094 3377 pendentem,
1121 3290 1297 3375 majoribus
1323 3293 1390 3356 suis
1420 3293 1605 3371 haerentem,

406 3394 539 3480 collegia
560 3395 721 3459 bonorum
740 3406 947 3480 quaerentem,
962 3395 1059 3460 fortia
1078 3417 1214 3481 qumque
1236 3405 1428 3475 tentantem,
1440 3419 1605 3484 nunquam

407 3498 559 3576 otiosum,
581 3498 742 3564 indefesse
765 3499 983 3583 negotiosum,
1012 3499 1175 3563 acerrimae
1198 3497 1412 3583 indagationis
1435 3500 1477 3564 ad
1500 3499 1606 3564 omnia

407 3604 544 3668 honesta
558 3603 592 3665 in
607 3611 736 3667 tantum
751 3611 790 3666 ut
804 3623 879 3667 cum
895 3625 962 3666 non
977 3611 1065 3666 esset
1078 3601 1235 3680 literatus,
1258 3602 1346 3686 quod
1368 3603 1474 3683 doleo,
1497 3626 1607 3689 quam-

406 3705 487 3770 libet
500 3705 664 3770 litcrarum
681 3704 796 3769 seriem
812 3703 1025 3769 transcribere
1042 3703 1148 3768 sciret.
1191 3705 1376 3789 Antequam
1399 3715 1487 3770 esset
1508 3729 1606 3772 anno·

407 3831 479 3874 rum
495 3811 564 3872 xxfl.
580 3817 715 3871 matrem
730 3815 874 3870 nostram
889 3815 923 3870 et
938 3827 1029 3868 suam
1044 3804 1194 3889 Angliam
1210 3805 1320 3884 exivit,
1344 3827 1442 3892 seque
1459 3806 1606 3894 Philippo

407 3911 654 3980 Flandrensium
684 3911 796 3975 comiti
819 3912 925 3975 solum
955 3909 1165 3994 alienigenam
1201 3909 1300 3988 dedit,
1330 3911 1483 3995 quatinus
1512 3913 1606 3976 armis
1682 3997 1684 4002 Ι
1771 3981 1772 3986 1

405 4015 522 4080 instrui
532 4024 707 4080 mereretur
715 4014 755 4078 ab
765 4015 849 4100 ipso,
858 4015 1029 4100 ipsumque
1039 4013 1202 4098 praeelegit
1211 4013 1393 4094 dominum3
1409 4037 1470 4080 nec
1480 4016 1607 4103 injuste,

407 4117 559 4202 quoniam
571 4115 717 4180 omnium
728 4117 826 4200 hujus
836 4115 990 4201 temporis
1007 4115 1190 4201 principum
1202 4125 1339 4200 excepto
1352 4126 1467 4182 nostro
1480 4129 1605 4184 strenu-
