3608 4862
404 541 465 600 102
835 549 1025 598 cunerem
1047 549 1169 596 uanus
1408 547 1588 612 [euenere

399 703 506 774 timidi
520 703 739 792 praedicantur
751 712 911 770 vestrates
926 727 945 770 a
958 703 1079 770 nostris
1094 711 1209 769 ettam
1224 698 1320 767 tardi.
1370 699 1489 767 Mnilet
1502 701 1600 768 etiarn

400 810 472 897 quis
487 817 670 874 nostratum
685 829 782 874 causa
795 808 901 873 laudis
915 807 950 873 in
965 807 1174 894 improbitate
1182 803 1262 870 furti
1277 804 1376 870 etrite
1390 817 1542 890 proterva
1550 805 1604 870 in-

399 922 564 999 terceptus
579 911 752 978 acerbitate
766 911 867 976 vitam
879 911 1019 991 dedisse,
1035 931 1133 996 quam
1148 908 1240 994 segni
1250 907 1431 994 elanguisse
1442 928 1501 994 per
1509 929 1600 973 meu-

399 1039 470 1083 sem
491 1015 607 1081 inertia
630 1015 713 1082 cirea
733 1013 1006 1100 pretiosissimum
1030 1015 1155 1078 furtum
1166 1037 1176 1091 3
1203 1020 1238 1078 et
1260 1032 1334 1076 ecce
1354 1032 1452 1096 quam
1473 1009 1599 1096 abjecte

397 1120 533 1206 ignavus
548 1141 594 1198 es,
609 1117 747 1204 quinon
762 1116 927 1183 crubescis
942 1116 1172 1182 tantumfateri
1186 1112 1411 1201 opprobrium.
1453 1113 1600 1178 Enuclee

397 1222 478 1287 mihi
492 1221 565 1307 quis
579 1222 664 1287 hane
677 1243 794 1307 equam
815 1219 946 1300 babeat,
971 1218 1030 1285 ubi
1043 1229 1078 1283 et
1092 1218 1256 1304 quomodo
1272 1215 1483 1297 custodiatur,
1497 1225 1532 1283 ct
1545 1237 1598 1282 me
1683 1252 1688 1262 ·

396 1325 450 1391 hic
464 1347 539 1391 cum
553 1345 654 1391 uxore
677 1346 751 1389 mea
772 1333 808 1388 et
828 1323 939 1389 liberis
962 1321 1149 1408 expectabis
1173 1321 1209 1385 in
1233 1320 1320 1386 diem
1342 1317 1475 1384 tertium
1489 1341 1509 1383 a
1523 1340 1596 1384 meo

395 1428 473 1492 illuc
496 1426 650 1506 adventu,
674 1435 714 1492 ut
737 1447 791 1491 me
816 1424 929 1489 audias
954 1423 1094 1510 gloriose
1116 1431 1282 1488 munuum
1307 1421 1361 1488 vel
1383 1443 1459 1487 eum
1487 1419 1598 1507 praeda

396 1529 584 1596 mirabiliter
597 1529 797 1595 reversum.'’
839 1529 926 1592 Τιιιιι
941 1528 1006 1608 iile,
1028 1530 1050 1566 “
1065 1527 1190 1592 Multas
1211 1525 1395 1591 audivimus
1417 1534 1596 1591 vestratum

395 1632 532 1697 audaces
543 1631 727 1719 jactantias,
741 1639 780 1696 ut
793 1630 938 1715 plantem
953 1627 1074 1694 miricae
1089 1628 1130 1693 ed
1145 1649 1278 1714 scopum
1292 1626 1422 1692 reverti.
1459 1625 1597 1692 Cadola·

394 1757 469 1815 nus,
484 1757 582 1820 quem
597 1735 675 1799 satis
701 1733 799 1812 nosti,
823 1732 910 1797 filius
933 1732 1050 1812 Uther,
1072 1753 1144 1798 eam
1166 1729 1266 1796 babet
1289 1729 1324 1795 in
1341 1728 1522 1816 Gesligair3
1544 1729 1596 1794 dic

393 1838 499 1924 pascit
520 1837 556 1902 in
577 1837 686 1903 medic
707 1837 879 1916 exercitus,
900 1844 998 1902 nocte
1021 1844 1085 1900 stat
1106 1834 1142 1900 in
1167 1833 1286 1920 angulo
1305 1833 1451 1899 ulteriori
1477 1833 1594 1898 domus

395 1961 474 2019 suec,
508 1947 547 2004 ut
575 1939 682 2024 jaceat
708 1947 780 2003 tota
807 1937 929 2002 familia
956 1938 1042 2003 inter
1069 1937 1175 2024 ipsam
1204 1946 1239 2003 et
1266 1936 1412 2003 bostium
1439 1936 1594 2001 unicum:

394 2051 534 2130 quatuor
556 2051 666 2106 autem
690 2063 732 2106 ex
756 2040 890 2127 optimis
917 2041 1019 2108 servis
1044 2049 1082 2106 ut
1106 2063 1178 2107 eam
1202 2048 1289 2106 arcte
1311 2040 1596 2106 custodiantinter

392 2147 498 2232 ipsam
513 2154 547 2211 ct
560 2145 669 2231 ignem
681 2165 779 2231 super
792 2143 1004 2224 bracharum,
1018 2143 1053 2210 id
1067 2153 1120 2210 cst
1133 2153 1280 2231 tapetum
1300 2143 1482 2230 optimum3
1506 2143 1594 2231 quod

393 2248 422 2314 si
436 2249 516 2314 mihi
531 2242 760 2334 superaquam
781 2246 940 2327 retuleris,
967 2246 1079 2312 decem
1103 2267 1210 2311 vaccae
1233 2245 1375 2332 pretium
1392 2256 1489 2312 erunt
1501 2267 1593 2334 cquae

392 2360 427 2418 et
449 2349 591 2436 quinque
615 2348 801 2415 brachani.''
856 2348 918 2413 llle
943 2348 1072 2414 frenum
1097 2347 1210 2434 arripit
1234 2357 1268 2414 at
1292 2347 1436 2429 calearia,
1460 2359 1592 2415 etcum

390 2475 488 2518 nemo
502 2453 556 2517 fur
569 2453 769 2539 interceptus
784 2451 819 2515 in
832 2449 953 2515 Wallia
967 2449 1039 2535 capi
1062 2449 1165 2515 soleat
1185 2458 1243 2515 aut
1260 2449 1388 2530 redimi,
1410 2449 1468 2516 sed
1482 2451 1592 2516 statim

391 2555 496 2641 capite
520 2555 639 2643 puniri,
665 2554 758 2641 quasi
781 2575 914 2620 securus
929 2553 971 2619 de
985 2574 1087 2639 prope
1109 2553 1208 2618 struit
1220 2553 1366 2634 insidias,
1381 2562 1416 2620 et
1429 2575 1464 2620 se
1479 2553 1526 2620 sic
1539 2575 1591 2620 res

390 2659 509 2725 habere
533 2668 572 2725 ut
595 2658 740 2724 audierat
762 2657 912 2723 advertit.
958 2656 1065 2722 Prima
1089 2664 1186 2722 nocte
1209 2656 1320 2721 domui
1345 2655 1472 2722 vicinus
1497 2665 1591 2739 astat,

390 2762 505 2827 erectis
519 2761 662 2842 auribus,
685 2769 720 2826 et
741 2760 835 2826 oculo
849 2759 1003 2826 insomni.
1047 2759 1129 2825 Erat
1149 2769 1260 2825 nutem
1284 2781 1352 2826 nox
1376 2781 1435 2826 suo
1461 2781 1591 2846 compe-

389 2873 463 2930 tens
498 2863 589 2951 operi
623 2863 692 2928 sine
717 2863 830 2943 stellis,
859 2861 1048 2927 iumissima
1078 2872 1194 2929 nactus
1227 2863 1308 2929 hora
1327 2863 1422 2948 juxta
1445 2861 1589 2929 hostium

389 2967 522 3052 cnipulo
537 2987 597 3031 suo
612 2966 755 3031 foramen
773 2987 838 3050 que
853 2987 987 3030 manum
1009 2965 1135 3031 inmisit
1153 2975 1188 3031 et
1209 2966 1360 3052 apperuit
1381 2964 1454 3046 sibi,
1468 2976 1589 3052 quanto

388 3069 498 3154 potuit
512 3067 640 3133 silentio
654 3066 742 3147 fecit,
757 3064 902 3132 bostium
916 3075 1024 3132 totum
1036 3077 1121 3134 stare
1132 3067 1209 3134 fecit
1223 3077 1381 3154 apertum,
1392 3068 1589 3156 veniensque

387 3171 500 3237 furtim
523 3171 565 3236 ad
590 3191 705 3256 equam
729 3170 827 3236 solvit
851 3191 935 3237 eam.
979 3170 1165 3258 compertis
1189 3193 1268 3238 vero
1290 3181 1430 3258 quatuor
1449 3172 1514 3238 illis
1534 3173 1590 3260 qui

388 3295 487 3362 super
499 3273 674 3340 brecanum
701 3271 916 3355 dormiebant,
937 3274 1057 3340 furenti
1075 3276 1202 3341 fervore
1226 3273 1326 3341 animi
1340 3297 1439 3340 ausus
1453 3285 1506 3342 est
1519 3275 1590 3342 fim-

387 3377 474 3444 brias
487 3377 629 3458 bracani,
645 3399 716 3462 quae
731 3376 837 3462 longas
852 3385 930 3442 sunt
943 3387 979 3443 et
990 3377 1187 3458 fortissimae,
1209 3379 1319 3444 caudae
1331 3379 1472 3465 jumenti
1494 3379 1589 3466 ligare

386 3481 532 3562 firmiter,
546 3481 701 3568 ipsosque
723 3489 862 3566 quatuor
882 3500 942 3567 per
967 3480 1111 3546 medium
1136 3480 1220 3568 ignis
1235 3481 1379 3562 maximi,
1405 3481 1460 3569 qui
1484 3483 1590 3549 cinere

387 3607 447 3651 suc
469 3585 599 3671 jacebat
623 3593 768 3670 opertus,
793 3591 887 3648 extra
910 3582 1055 3650 bostium
1082 3585 1190 3665 traxit,
1216 3585 1428 3672 stupidusque
1450 3585 1588 3673 reliquit.

386 3687 487 3753 Facto
502 3685 601 3775 igitur
616 3688 755 3753 clamore
769 3695 860 3753 totus
874 3687 985 3774 ipsum
1007 3687 1153 3773 sequitur
1178 3688 1350 3770 exercitus,
1372 3687 1451 3754 solis
1466 3689 1589 3754 scintil-

385 3789 461 3855 lulis
470 3789 607 3856 ducibus
617 3788 913 3877 quesinbrachano
922 3789 1113 3877 praeferebat
1123 3816 1133 3874 3
1153 3791 1270 3879 quibus
1280 3791 1442 3872 extinctis,
1453 3791 1587 3857 domum

385 3913 532 3960 reversus
549 3903 600 3960 eet
614 3915 758 3976 securus,
773 3892 926 3979 deditque
948 3895 1135 3980 jumentum
1157 3905 1191 3960 et
1215 3894 1426 3975 brechenum,
1448 3895 1586 3982 acceptis

384 3996 502 4078 vaccis,
517 3996 722 4083 obtinuitque
737 3997 799 4062 sibi
815 3996 945 4084 suisque
960 4007 1118 4086 quantum
1132 3997 1167 4064 in
1186 3997 1259 4086 ipso
1274 4007 1343 4066 erat
1357 3997 1498 4065 audaciae
1520 3999 1586 4064 lau·

385 4100 459 4166 dem
474 4101 628 4166 adversus
642 4099 799 4166 boreales.
