3608 4862
397 541 457 601 110
830 551 1018 600 conentur
1042 551 1163 598 uanas
1394 543 1515 613 [nume.
1528 549 1580 602 111.

394 729 430 772 se
452 707 542 771 nudo
553 705 700 794 jungere,
715 728 849 772 manum
860 705 956 792 jubet
980 706 1110 771 mittere
1132 701 1306 790 pudendis,
1330 710 1364 767 et
1389 711 1428 766 ut
1443 712 1532 768 casta
1544 723 1596 766 re·

392 811 476 876 ferat
500 820 610 876 utmm
632 809 739 895 possit
763 832 804 875 an
833 832 912 875 non.
956 809 1090 874 Emittit
1112 829 1189 892 ergo
1212 806 1366 893 puellam,
1404 816 1439 872 et
1470 807 1595 872 invidet

393 913 532 993 emissae,
546 913 699 1000 cupitque
711 915 779 1001 jam
795 913 921 999 abjecta
935 912 1044 999 regina
1064 911 1173 998 puelle
1193 908 1274 990 fieri,
1288 909 1438 995 lectoque
1452 911 1595 996 projectu

394 1140 462 1184 non
476 1140 550 1184 amo
565 1140 625 1184 nee
633 1118 822 1198 nominabo,
833 1117 924 1185 venit
935 1117 1064 1183 obviam
1079 1117 1110 1182 ci
1125 1117 1210 1182 sicut
1220 1117 1301 1181 mihi
1313 1115 1407 1183 solet.
1451 1117 1483 1181 O
1499 1139 1594 1202 quam

393 1220 499 1287 fidelis
524 1231 559 1288 et
583 1221 744 1308 benignus
769 1223 850 1286 mihi
876 1241 1004 1308 semper
1021 1221 1086 1300 ille,
1106 1243 1204 1306 quam
1219 1219 1402 1285 misericors
1417 1229 1452 1285 ct
1465 1242 1596 1305 compa·

394 1323 490 1406 tiens,
504 1334 540 1391 et
553 1346 651 1412 quam
666 1325 766 1391 durus
780 1325 835 1390 ille
860 1325 901 1392 de
923 1347 1006 1404 mea,
1028 1325 1084 1411 qui
1106 1345 1159 1389 me
1180 1323 1306 1389 tociens
1327 1324 1448 1409 repulit
1466 1333 1502 1390 et
1515 1323 1595 1390 meis

393 1435 543 1494 extorsus
552 1428 755 1516 amplexibus
766 1427 886 1495 blanda
893 1427 1096 1495 conducebat
1104 1427 1261 1507 oratione,
1270 1428 1329 1493 sed
1343 1438 1429 1494 certe
1444 1427 1594 1508 toxicata,

393 1529 537 1617 reginam
546 1535 580 1598 et
590 1533 841 1619 pulcherrimam
853 1541 887 1598 et
898 1531 1063 1597 dominam
1075 1531 1222 1597 omnium
1237 1553 1290 1597 me
1302 1531 1440 1612 dicebat,
1449 1541 1484 1598 et
1497 1533 1595 1598 etism

394 1654 497 1701 suam.
542 1636 574 1700 Ο
590 1657 687 1722 quam
713 1633 797 1702 bene
823 1657 928 1717 suam,
954 1635 1007 1700 cui
1031 1644 1190 1722 quantum
1211 1635 1331 1701 licebat
1351 1635 1535 1716 ancillabar,
1559 1646 1595 1702 et

394 1739 480 1804 ultra
508 1747 667 1825 quantum
691 1739 837 1816 dabatur,
864 1761 961 1826 quam
990 1738 1109 1804 blanda
1142 1739 1354 1825 castigatione
1384 1739 1513 1807 dicebat
1541 1761 1595 1805 me

396 1863 551 1926 sponsam
572 1852 607 1906 et
628 1843 694 1929 regi
710 1853 940 1924 consecratam,
965 1850 1000 1907 et
1027 1863 1062 1908 sc
1084 1843 1229 1928 juratum
1256 1865 1363 1922 suum,
1386 1853 1421 1910 et
1442 1865 1477 1910 se
1500 1831 1597 1911 eausa

395 1945 460 2010 mei
489 1946 650 2012 facturum
680 1947 799 2026 omnia,
826 1947 883 2012 sed
912 1945 1093 2032 adjiciebat,
1116 1955 1235 2030 praeter
1256 1946 1330 2013 hoc.
1375 1948 1469 2013 Deus
1498 1946 1595 2028 bone,

395 2057 553 2132 quantum
575 2059 644 2116 erat
665 2049 745 2115 illud
767 2049 840 2117 boc.
886 2049 1050 2135 Quicquid
1072 2071 1132 2135 ego
1154 2049 1306 2135 petebam
1328 2061 1397 2117 crat
1410 2051 1492 2116 illud
1513 2052 1594 2132 hoe;

394 2151 475 2222 illud
497 2161 567 2218 erat
589 2153 708 2219 omnia.
754 2153 944 2239 undergo
974 2152 1103 2218 dicebat
1132 2151 1241 2218 omnia
1269 2164 1388 2239 praeter
1415 2155 1505 2221 hoc?
1537 2153 1596 2220 ssd

394 2255 504 2327 omnia
518 2265 636 2342 praeter
650 2256 772 2339 omnia,
786 2256 874 2343 quod
896 2266 950 2322 est
970 2256 1219 2342 interpretatum
1233 2257 1325 2337 nihil,
1340 2267 1375 2324 et
1388 2268 1475 2324 certe
1488 2257 1597 2324 verius

395 2355 535 2438 dixissit,
556 2358 701 2424 Domina
722 2379 805 2438 mea,
819 2358 921 2444 gutia
935 2357 985 2424 tui
998 2358 1113 2424 faciam
1129 2358 1238 2425 omnia
1261 2359 1354 2426 nibil.
1398 2361 1445 2426 Et
1467 2361 1594 2426 utinam

394 2461 458 2527 hoc
471 2483 539 2529 non
550 2470 639 2528 recto
655 2483 804 2527 sermone
819 2462 900 2528 mihi
914 2471 1001 2528 recte
1013 2461 1059 2527 sic
1073 2463 1289 2528 intentionenr
1302 2485 1394 2530 suam
1409 2463 1594 2542 revelasset,

394 2574 429 2631 et
442 2565 571 2650 repulsa
585 2587 638 2632 me
653 2567 902 2632 condemnasset
923 2576 1053 2632 aeterna.
1098 2565 1202 2646 Deus,
1224 2567 1298 2651 quis
1319 2587 1464 2652 unquam
1480 2575 1596 2632 setam

394 2668 565 2734 crudeliter
589 2691 610 2733 a
632 2669 751 2734 talibus
778 2669 906 2755 eripuit,
921 2669 979 2734 sed
999 2678 1034 2733 et
1054 2668 1151 2734 nudis
1166 2668 1391 2754 amplexibus?
1424 2669 1494 2735 Aut
1516 2667 1595 2733 mibi

392 2772 551 2857 juvenum
563 2771 701 2856 suspiria
715 2772 927 2852 mentiuntur,
937 2781 971 2837 et
984 2771 1082 2838 etiam
1097 2793 1224 2854 senum,
1236 2773 1295 2838 sed
1304 2773 1507 2839 verissimum
1524 2792 1596 2856 spe-

397 2875 519 2954 culum,
534 2886 591 2939 aut
606 2874 705 2939 facies
718 2875 790 2940 baec
803 2885 918 2961 posset
932 2875 1035 2941 cuivis
1050 2876 1220 2941 hominum
1237 2878 1430 2962 persuadere
1444 2877 1596 2941 furorem.

397 2977 430 3041 Ο
453 2977 511 3042 sed
532 2999 620 3042 eram
639 2977 821 3044 immemor.
864 2979 949 3044 Vere
963 2978 1069 3044 fidelis
1089 2987 1123 3045 et
1145 3001 1243 3045 verus
1268 2989 1320 3045 est
1345 2981 1473 3063 Sadius,
1487 2978 1597 3044 amisit

397 3079 559 3164 genitalia.
603 3081 763 3168 Nunquid
789 3090 823 3147 et
838 3080 923 3148 Galo
938 3083 1059 3162 fatuus,
1074 3083 1130 3169 qui
1153 3105 1172 3148 a
1197 3105 1251 3148 me
1272 3083 1393 3168 probra
1407 3106 1478 3165 sua,
1491 3083 1548 3168 qui
1563 3103 1598 3146 se

395 3204 463 3247 non
472 3183 619 3268 permisit
628 3185 802 3268 attrectari,
814 3186 870 3271 qui
881 3209 933 3252 me
944 3186 1066 3273 repulit
1074 3208 1117 3252 ne
1127 3187 1315 3273 repellerem
1326 3188 1453 3273 ipsum?
1472 3188 1558 3251 Vere
1570 3185 1598 3250 si

395 3286 476 3355 mihi
490 3285 625 3354 favisset
638 3289 853 3375 junctissimis
866 3289 896 3354 ei
905 3289 1043 3356 nexibus
1055 3290 1321 3373 adhaesissem,et
1336 3291 1363 3355 ri
1377 3291 1546 3357 moramin
1557 3311 1596 3354 eo

394 3391 598 3477 reperissem,
611 3392 689 3458 illuc
701 3414 816 3458 manus
831 3403 969 3459 errasset
983 3415 1048 3479 quo
1066 3393 1245 3460 certissime
1263 3404 1378 3481 posset
1399 3391 1599 3479 deprehendi

393 3495 527 3560 foemina
551 3495 606 3562 vel
629 3518 711 3577 mas,
725 3507 784 3562 aut
802 3506 966 3562 neutrum.
1010 3497 1042 3561 Ο
1058 3518 1125 3563 non
1140 3507 1243 3564 estut
1258 3498 1399 3564 credidit
1421 3497 1522 3562 falsus
1547 3503 1599 3560 est

394 3599 524 3681 Sadius,
533 3600 696 3665 masculus
707 3609 759 3665 est
769 3600 958 3667 certissimis
969 3610 1104 3686 apparet
1111 3600 1249 3681 indiciis,
1259 3602 1345 3688 quod
1356 3624 1436 3682 mas,
1445 3600 1535 3687 quod
1549 3598 1599 3663 in·

395 3711 495 3788 teger,
510 3704 598 3790 quod
613 3702 735 3790 absque
750 3704 889 3770 delectu.
927 3703 992 3769 Sed
1008 3725 1028 3768 ο
1043 3704 1192 3770 miseram
1204 3715 1239 3769 et
1247 3705 1370 3771 fatuam
1382 3727 1446 3786 me,
1457 3703 1600 3790 puellam

395 3807 629 3873 habilissimam
645 3817 678 3872 et
692 3807 912 3874 cautissimam
926 3809 961 3874 in
976 3828 1059 3893 opus
1074 3808 1195 3872 immisi
1206 3809 1393 3896 proprium!
1433 3805 1600 3875 Quomibi

397 3929 501 3989 mens,
513 3932 577 3995 quo
586 3912 712 3996 fugerat
720 3911 872 3977 animus?
899 3910 1057 3978 lllebetur
1070 3912 1112 3976 sd
1127 3913 1248 3998 ipsum,
1257 3923 1291 3977 et
1303 3935 1338 3978 se
1353 3911 1553 3979 reverentius
1567 3916 1602 3975 et

397 4012 524 4076 cautius
532 4013 676 4094 habebit,
688 4015 791 4080 donec
804 4015 961 4080 sentiatur
972 4024 1006 4080 et
1020 4014 1177 4100 inprimis
1190 4015 1331 4081 tactibus
1348 4023 1541 4103 agnoscetur
1556 4011 1601 4077 al·

397 4121 467 4180 tera
478 4135 574 4200 quam
584 4138 656 4203 ego,
665 4126 699 4183 et
708 4118 735 4183 si
754 4140 820 4184 non
832 4119 904 4205 ipsa
915 4119 1079 4202 fatebitur,
1092 4128 1126 4185 et
1137 4119 1170 4184 in
1187 4141 1275 4188 meas
1287 4121 1386 4208 gratis
1401 4129 1533 4207 accepta
1547 4117 1602 4183 fiet
