3650 4852
410 517 452 574 54
845 527 1034 574 ouaursar
1058 527 1178 572 uaeas
1440 529 1560 594 [nume.
1572 530 1596 581 1.

410 703 504 768 agros
523 680 622 747 vicini
645 680 707 760 sui,
729 679 878 766 AEgyptii
903 679 1026 760 militis,
1057 679 1144 766 apud
1166 677 1353 759 Cukewald‚
1378 701 1476 766 quam
1501 680 1612 748 referri

410 785 487 850 lecit
517 787 664 869 Rogerus
694 781 909 848 Eboracensis
939 782 1230 868 archiepiscopus*
1274 782 1327 846 Ne
1356 782 1414 848 fiat
1442 783 1540 848 etiam
1570 785 1610 849 de

409 897 503 972 prato
518 887 641 952 mentio
657 885 787 950 alterius
802 883 962 970 AEgyptii,
984 885 1071 970 quod
1086 885 1127 949 ab
1144 884 1293 950 Hebraeis
1311 893 1387 949 ante
1401 907 1507 950 rorem
1523 907 1611 952 sero-

409 989 515 1055 tinum
531 990 596 1054 sale
610 1008 795 1073 respersum
809 996 871 1066 est,
892 996 927 1051 et
941 987 1095 1052 arietibus
1110 985 1264 1050 immissis
1286 986 1439 1052 radicitus
1461 988 1610 1052 avulsum

410 1093 451 1156 de
462 1103 557 1158 nocte
571 1113 630 1177 per
640 1090 822 1176 appetitum
834 1089 921 1169 salis,
931 1099 965 1154 et
978 1089 1126 1174 pluribus
1141 1087 1236 1152 annis
1251 1088 1285 1152 in
1301 1089 1503 1155 sterilitatem
1518 1112 1609 1156 coec-

409 1205 492 1274 tum,
508 1195 612 1259 donec
626 1193 673 1257 eis
687 1191 893 1256 venderetur.
937 1191 984 1255 Et
998 1191 1086 1276 quod
1100 1190 1247 1276 ejusdem
1262 1190 1325 1255 loci
1347 1193 1461 1255 fratres
1478 1190 1609 1256 Hebraei

408 1299 443 1362 in
460 1296 636 1374 Ponutino,
650 1294 836 1380 proximum
848 1293 911 1357 sibi
925 1315 1037 1378 agrum
1048 1316 1114 1357 una
1127 1302 1223 1357 nocte
1238 1314 1336 1356 manu
1347 1315 1464 1378 magna
1478 1302 1512 1358 et
1525 1293 1608 1378 bigis

409 1400 520 1466 multis
528 1398 691 1463 laetamine
700 1404 960 1481 conperserunt,
971 1394 1386 1480 etincrastinoAEgyptium
1395 1394 1608 1460 admirantem

409 1503 497 1588 quod
511 1520 623 1564 eorum
634 1507 685 1562 tot
696 1519 818 1562 carucae
833 1518 928 1560 suum
942 1496 984 1560 ab
999 1505 1121 1561 aeterno
1136 1517 1288 1581 campum
1299 1505 1513 1580 usurpassent
1524 1497 1607 1561 deri-

408 1613 521 1670 serunt
544 1601 636 1687 quasi
649 1621 818 1678 vesanum,
843 1598 899 1683 qui
913 1599 1048 1662 fratrum
1065 1597 1281 1664 Hebraeorum
1304 1619 1417 1682 agrum
1436 1619 1534 1683 quem
1556 1608 1607 1664 tot

407 1704 523 1770 diebus
548 1711 601 1767 tot
627 1700 793 1766 laboribus
822 1700 1029 1765 excoluerant
1055 1722 1150 1764 suum
1181 1701 1312 1779 diceret,
1340 1722 1416 1765 cum
1438 1723 1606 1786 nunquam

406 1816 502 1871 antea
526 1802 720 1868 calumniam
744 1801 920 1881 intulisset,
941 1801 1254 1866 verisimilitudinem
1276 1800 1428 1880 habeant,
1452 1812 1486 1866 et
1506 1825 1546 1868 eo
1570 1825 1605 1870 se

407 1917 496 1972 tutos
525 1905 712 1970 interventu
741 1904 889 1968 fecerunt
914 1903 1013 1968 albini
1043 1926 1152 1969 coram
1181 1904 1328 1968 omnium
1355 1904 1476 1989 judice,
1502 1905 1605 1970 donec

406 2009 509 2073 haeres
525 2006 636 2072 militis
651 2005 692 2069 ab
706 2006 754 2084 ira
779 2006 862 2071 furia
886 2004 1035 2070 invectus
1055 2027 1112 2071 eos
1135 2027 1248 2071 omnes
1269 2029 1344 2072 cum
1363 2006 1515 2072 domibus
1535 2007 1603 2072 suis

405 2110 494 2174 ultus
509 2118 561 2173 est
574 2107 734 2172 incendio.
780 2106 939 2172 Sileamus
954 2109 1053 2173 etiam
1067 2108 1108 2172 de
1120 2117 1208 2173 carba
1219 2107 1341 2192 duplici
1350 2108 1458 2173 verbis
1469 2109 1603 2191 eisdem,

405 2220 440 2275 et
454 2210 494 2274 de
501 2208 670 2295 jugeribus
685 2208 817 2287 eisdem,
832 2230 852 2271 a
865 2208 956 2272 fatuo
971 2206 1160 2271 cancellario
1179 2207 1249 2270 sine
1264 2206 1388 2270 domini
1406 2209 1603 2274 conscientia

403 2311 628 2376 fraudulentur
643 2310 787 2388 obtenta,
803 2321 957 2395 tanquam
971 2309 1005 2374 in
1021 2309 1202 2374 subsidium
1215 2308 1347 2373 alterius
1356 2310 1482 2375 amissae
1494 2322 1602 2376 mutu-

404 2423 541 2478 averunt
560 2434 620 2498 pro
644 2412 690 2477 eis
711 2410 783 2490 alia,
802 2411 861 2476 sed
876 2412 915 2477 ab
932 2412 1046 2477 eodem
1062 2410 1205 2491 domino,
1217 2411 1350 2476 alteram
1366 2412 1441 2497 quia
1455 2415 1602 2480 reddide-

402 2526 479 2579 runt
515 2525 675 2580 cartarum
711 2514 811 2579 altera
838 2523 974 2592 retenta,
1002 2512 1171 2577 venditore
1200 2521 1310 2578 autem
1337 2513 1388 2577 vel
1418 2525 1601 2580 mutuatore

403 2625 531 2681 mortuo
543 2615 698 2700 pristinos
712 2615 912 2699 repetierunt
925 2615 966 2679 ab
981 2615 1109 2679 haerede
1119 2635 1178 2700 per
1192 2625 1313 2679 cartam
1323 2615 1485 2680 residuam
1496 2638 1601 2701 agros,

402 2726 438 2782 et
462 2737 570 2782 coram
590 2715 724 2780 domino
743 2737 816 2799 rege
836 2727 950 2782 nostro
974 2716 1125 2796 convicti,
1148 2717 1274 2782 confusi
1295 2727 1334 2782 ut
1355 2718 1471 2799 solent,
1493 2719 1528 2783 id
1550 2730 1602 2785 est

398 2817 581 2903 joculantes
592 2816 679 2880 unde
694 2816 839 2880 flendum
855 2827 952 2897 esset,
967 2829 1171 2884 recesserunt
1185 2840 1299 2904 arege,
1315 2819 1439 2884 dimissi
1451 2841 1510 2905 pro
1526 2821 1599 2886 Deo

402 2927 515 2982 contra
529 2916 649 2982 Deum.
695 2915 1014 2982 Praetermittendum
1040 2919 1138 2984 etiam
1159 2930 1221 3000 est,
1250 2920 1338 3004 quod
1363 2922 1450 3005 apud
1476 2922 1598 3000 Neth†

400 3019 527 3084 inventi
556 3027 635 3083 sunt
659 3018 818 3083 habentes
848 3029 969 3085 cartam
998 3021 1127 3085 comitis
1158 3022 1325 3087 Guillelmi
1356 3023 1596 3106 Gloeeestriael

401 3121 564 3187 sexdecim
586 3141 741 3202 acrarum,
764 3129 841 3205 post
862 3122 1069 3188 traditionem
1091 3132 1187 3188 cartae
1206 3131 1302 3189 aucto
1317 3145 1453 3190 numero
1467 3125 1509 3190 ad
1524 3148 1598 3192 cen·

431 3387 448 3422 ¹¹
465 3387 547 3452 Roget
556 3403 606 3438 tras
620 3387 768 3453 archblslrop
786 3390 815 3440 ol
829 3391 899 3442 York
917 3392 982 3442 nom
1046 3393 1063 3455 †
1081 3390 1174 3450 Neath,
1199 3390 1226 3438 in
1252 3389 1476 3452 Glamorgenahire.
1515 3391 1596 3442 lbere

400 3473 463 3520 1154
474 3475 501 3519 te
514 3473 586 3528 1181,
598 3471 648 3518 aad
658 3471 679 3520 is
690 3470 817 3521 described
827 3473 860 3536 by
870 3473 981 3522 william
1013 3488 1063 3524 was
1079 3489 1094 3522 a
1113 3472 1249 3522 cistercien
1264 3471 1343 3535 abbcy
1353 3477 1379 3520 at
1392 3471 1443 3521 thia
1457 3472 1535 3536 pleae,
1553 3474 1596 3522 the

398 3553 428 3604 ol
436 3550 569 3614 Ncrrbury,
582 3549 651 3600 nist.
661 3550 707 3602 lib·
722 3551 760 3602 lii
771 3568 794 3602 c.
807 3557 832 3613 5,
847 3569 875 3604 as
886 3569 901 3602 a
911 3559 981 3617 great
1013 3555 1080 3604 walls
1091 3555 1121 3604 el
1127 3554 1208 3604 wlaleh
1219 3553 1270 3602 still
1281 3554 1383 3602 remeia.

398 3649 487 3696 enemy
503 3633 533 3683 ol
546 3633 589 3681 the
608 3633 707 3690 meuks,
727 3635 776 3682 and
795 3635 919 3684 therefore
937 3636 980 3684 the
1045 3635 1197 3694 sswilliam,
1220 3650 1267 3684 sen
1288 3635 1337 3684 aud
1356 3649 1484 3684 successor
1506 3636 1535 3686 ol
1553 3637 1595 3685 the

397 3715 514 3765 monkish
523 3715 617 3764 writers
627 3715 752 3779 generally
761 3716 836 3779 speak
847 3717 875 3764 ill
882 3715 911 3766 ol
918 3717 979 3766 lrim.
1013 3715 1109 3766 Robert
1122 3717 1174 3764 earl
1194 3717 1224 3765 ol
1239 3715 1385 3766 Glouceater
1401 3716 1456 3766 who
1473 3717 1544 3767 made
1565 3733 1594 3768 so

398 3799 445 3846 Sea
454 3797 498 3845 tha
507 3797 568 3858 long
581 3801 688 3846 wcouut
702 3797 790 3846 cithia
802 3798 896 3862 prelata
906 3799 980 3861 giren
1013 3797 1087 3846 much
1098 3799 1175 3861 figure
1186 3797 1213 3845 iu
1224 3795 1267 3846 the
1278 3796 1349 3860 reign
1359 3796 1389 3846 ol
1400 3796 1519 3860 Stephon.
1554 3798 1594 3847 lle

395 3879 430 3941 by
440 3877 483 3926 the
493 3877 614 3926 historiae
629 3878 683 3938 just
693 3878 794 3939 quoted,
807 3878 857 3928 aad
873 3879 925 3928 alae
937 3877 980 3928 the
1011 3879 1034 3928 is
1048 3879 1207 3930 enumerated
1225 3893 1315 3942 among
1334 3879 1377 3928 tha
1396 3878 1551 3929 benefactore
1569 3880 1596 3928 ol

394 3958 477 4007 uotiee
489 3957 515 4005 in
527 3956 638 4015 Goduim
656 3957 687 4006 da
698 3957 782 4020 Epire.
1011 3960 1055 4009 the
1065 3960 1143 4024 abbcy
1154 3960 1183 4010 ol
1191 3958 1283 4009 Neatla
