3610 4852
242 559 396 624 cassa]
608 561 655 604 ns
681 559 790 606 soors
815 561 1040 609 coarsuros.
1368 541 1426 618 171

227 727 339 792 bertus
353 750 373 791 a
389 727 578 812 Burgundio
591 749 673 812 puer
687 749 814 812 genere,
829 729 986 808 moribus,
1002 739 1036 794 et
1053 731 1139 794 fama
1163 729 1294 808 nobilis,
1318 728 1430 792 Remis

225 830 258 894 id
283 831 399 916 agebat
422 831 581 910 intentus,
601 839 641 894 ut
664 842 730 895 tam
760 831 929 918 indigenas
956 855 1052 918 quarn
1079 831 1274 897 adventitios
1300 840 1432 915 pectore

223 933 368 1000 vinceret
393 943 428 998 et
452 957 508 998 ore
531 935 680 1014 scolares,
706 943 741 998 et
765 933 917 999 obtinuit.
962 937 1044 1000 Erat
1058 945 1166 1000 autem
1182 958 1219 1000 ea
1234 943 1430 1020 tempestate

224 1036 289 1101 filia
312 1037 479 1122 praepositi
504 1037 675 1103 Remensis
699 1037 791 1122 quasi
813 1040 981 1125 speculum
998 1049 1032 1104 et
1046 1039 1214 1103 admiratio
1229 1037 1380 1116 civitatis,
1395 1035 1429 1100 in

224 1163 320 1225 quern
342 1141 487 1204 omnium
511 1140 725 1205 intendebant
745 1142 893 1226 suspiria,
913 1143 999 1208 votis
1022 1142 1191 1208 hominurn
1215 1153 1248 1206 et
1270 1139 1430 1205 desiderio

224 1241 326 1306 dives.
370 1243 508 1308 Audiret
524 1243 733 1322 Gerebertus,
749 1265 808 1309 nec
824 1245 961 1310 distulit.
1006 1245 1190 1331 Egreditur,
1206 1245 1305 1323 videt,
1326 1243 1430 1308 admi-

225 1355 323 1424 ratur,
340 1347 440 1431 cupit,
455 1356 489 1411 et
504 1347 698 1431 alloquitur3
724 1347 826 1426 audit,
849 1358 882 1413 et
906 1349 1062 1428 allicitur3
1084 1350 1192 1413 haurit
1207 1349 1247 1412 ab
1271 1347 1429 1433 apotheca

224 1447 328 1513 Seillae
350 1450 503 1528 furorem,
530 1459 564 1514 et
586 1471 605 1512 a
628 1459 729 1514 matre
752 1449 971 1536 Morphoseos
997 1451 1111 1515 doctus
1132 1449 1279 1514 oblivisci
1304 1469 1428 1513 morem

223 1573 283 1616 suo
308 1574 376 1616 non
403 1551 541 1637 abnegat
555 1574 692 1632 veneno,
716 1553 808 1637 cujus
828 1554 948 1618 virtute
973 1553 1145 1638 degenerat
1169 1553 1203 1616 in
1226 1553 1365 1629 usinum,
1387 1549 1428 1613 ad

222 1675 320 1718 onera
341 1653 446 1731 fortis,
468 1654 510 1717 ad
525 1652 658 1718 verbera
673 1655 784 1732 dunis,
806 1655 846 1718 ad
862 1677 959 1740 opera
975 1655 1079 1734 deses,
1094 1655 1135 1719 ad
1156 1676 1269 1742 operas
1285 1654 1427 1738 ineptus,

222 1756 255 1820 in
271 1757 361 1821 omni
376 1777 504 1841 semper
519 1756 647 1820 miseria
669 1757 829 1841 petulcus.
874 1759 953 1822 Non
978 1759 1008 1822 ei
1032 1759 1170 1823 sentitur
1196 1759 1318 1822 inflicta
1344 1755 1427 1820 cala-

222 1859 328 1939 mitas,
355 1881 421 1924 non
447 1881 523 1923 eum
552 1859 800 1944 castigationum
825 1861 950 1945 flagella
975 1871 1120 1940 movent,
1139 1870 1272 1946 torpens
1287 1861 1328 1924 ad
1346 1867 1427 1922 stre·

223 1961 377 2040 unitates,
402 1961 626 2047 impromptus
652 1962 693 2025 ad
718 1963 870 2047 argutias,
891 1964 1159 2050 incircumspecte
1182 1965 1303 2048 jugiter
1323 1962 1428 2026 inhiat

221 2065 412 2150 impetigini,
436 2065 625 2150 suppliciter
646 2065 739 2150 petit,
763 2065 878 2130 aeriter
900 2066 1011 2146 instat,
1025 2067 1187 2131 obstinate
1206 2066 1370 2151 perdurat,
1392 2071 1428 2126 et

222 2166 340 2232 obtuso
364 2189 422 2252 per
444 2167 686 2253 improbitatem
712 2167 831 2231 mentis
853 2167 1000 2232 acumine
1016 2177 1103 2232 certa
1118 2167 1343 2252 desperatione
1358 2176 1425 2231 tor-

221 2279 347 2355 quetur,
362 2279 396 2335 et
410 2269 451 2334 ab
474 2269 573 2334 animi
597 2268 826 2354 tranquillitate
852 2269 1004 2334 decidens
1024 2271 1217 2335 conturbato
1233 2291 1268 2334 se
1282 2278 1316 2334 et
1333 2279 1425 2334 extra

221 2373 355 2438 modum
377 2373 484 2457 posito
499 2393 567 2436 rem
584 2369 742 2435 moderari
756 2370 808 2434 vel
832 2372 931 2435 statui
947 2393 1006 2436 suo
1025 2371 1195 2457 providere
1215 2394 1282 2435 non
1303 2381 1423 2456 potest.

221 2477 412 2561 Depereunt
432 2475 529 2559 igitur
543 2497 605 2553 res,
632 2483 784 2538 oneratur
805 2472 933 2554 debitis,
956 2474 1126 2560 subjicitur
1146 2475 1265 2554 usuris,
1288 2474 1425 2539 derelin-

220 2579 330 2664 quitur
353 2601 372 2642 a
401 2579 512 2656 servis,
537 2578 657 2641 vitatur
681 2576 723 2641 ab
747 2576 868 2656 amicis,
898 2587 932 2642 et
958 2577 1138 2642 substantia
1163 2578 1302 2662 denique
1331 2577 1424 2662 peni·

222 2692 274 2745 tus
295 2681 429 2766 direpta,
446 2681 534 2746 domi
554 2681 643 2745 solus
665 2680 796 2760 residet,
819 2681 870 2745 sui
888 2681 1064 2766 negligens,
1078 2681 1183 2744 hirtus
1199 2691 1233 2745 et
1247 2680 1423 2765 squalidus,

219 2783 369 2848 horridus
398 2791 433 2846 et
460 2782 613 2860 incultus,
642 2803 707 2845 una
737 2789 846 2847 tamen
875 2783 952 2846 felix
985 2783 1123 2863 miseria,
1153 2783 1268 2848 ultima
1302 2782 1424 2848 scilicet

220 2895 374 2970 egestate,
389 2906 460 2970 quae
489 2885 632 2969 ipsuma
655 2886 800 2970 principe
823 2885 1022 2950 miseriarum
1046 2885 1185 2950 absolvit
1208 2909 1327 2966 amore,
1351 2908 1423 2971 quae

221 2989 271 3052 sui
301 2987 456 3052 memoria
478 3008 546 3049 non
568 2986 646 3048 sinit
671 2988 741 3071 ejus
771 2987 944 3053 reminisci.
999 2989 1080 3054 Haec
1104 2999 1162 3053 tua
1183 2999 1271 3069 sunt,
1297 2990 1423 3074 Dyane,

220 3103 287 3156 tam
313 3091 463 3154 dolorosa
484 3111 581 3173 quam
604 3088 717 3154 dolosa
748 3091 927 3174 dispendia,
957 3114 1028 3177 quoe
1053 3114 1112 3176 pro
1138 3103 1203 3158 tuae
1223 3092 1345 3156 militiae
1367 3094 1425 3154 sti-

219 3195 346 3280 pendiis
362 3193 427 3256 tuis
444 3193 606 3276 impendis
628 3193 804 3277 equitibus,
827 3205 866 3257 ut
890 3217 909 3257 a
935 3204 967 3258 te
991 3194 1073 3258 eirca
1095 3195 1194 3260 finem
1209 3194 1334 3259 ridiculi
1352 3195 1424 3258 red·

220 3298 339 3362 dantur
353 3297 522 3381 palamque
545 3295 681 3374 contusi,
709 3297 778 3360 sive
801 3297 867 3361 tuis
891 3297 1056 3361 doloribus
1082 3310 1218 3362 cunctus
1244 3297 1424 3361 habeantur

221 3399 375 3467 ostentui.
421 3398 526 3462 Miser
548 3397 602 3462 hie
626 3398 666 3462 de
693 3419 757 3483 quo
786 3398 881 3462 nohis
908 3419 1024 3476 sermo,
1048 3408 1236 3484 paupertate
1261 3399 1423 3482 magistra,

219 3507 345 3570 solutus
368 3501 409 3565 ab
433 3502 530 3564 harno
555 3500 703 3579 Veneris,
725 3501 868 3585 ingratus
894 3509 946 3565 est
970 3501 1000 3564 ei
1025 3523 1097 3585 quae
1120 3501 1227 3578 solvit,
1249 3502 1324 3586 quia
1350 3523 1421 3585 quoe

218 3605 443 3695 praeterierunt
453 3603 609 3688 angustiae
624 3604 732 3668 faciles
743 3603 895 3668 videntur
910 3613 1102 3688 comparatae
1118 3604 1343 3689 presentibus,
1353 3603 1422 3687 dig·

218 3729 358 3794 namque
382 3707 460 3771 dicit
474 3705 614 3769 inediam
629 3705 778 3770 mercede·
801 3704 903 3769 leonis
920 3703 975 3789 qui
990 3705 1150 3768 damulam
1166 3705 1251 3790 lupis
1266 3705 1371 3769 aufert
1385 3718 1422 3768 ut

217 3835 290 3876 eam
305 3812 448 3876 devoret.

216 3967 313 4016 Middle
324 3967 398 4030 Ages.
432 3964 537 4014 Gerbert
547 3965 646 4013 beccam
653 3977 717 4026 pope
725 3961 803 4010 under
834 3961 867 4023 by
879 3959 989 4010 William
1001 3959 1030 4008 ol
1039 3959 1200 4022 Malmsbury,
1214 3961 1253 4009 De
1269 3961 1340 4012 Gest.
1357 3961 1421 4022 Reg.

215 4052 258 4099 the
276 4051 332 4098 title
349 4048 378 4097 ol
393 4047 516 4111 Sylrester
527 4046 564 4095 11.
575 4047 601 4094 in
612 4047 671 4098 9⁹9.
704 4047 728 4093 A
744 4058 804 4107 very
835 4042 910 4103 hugi.
933 4057 958 4104 p.
982 4041 1023 4090 64.
1056 4040 1110 4088 The
1132 4055 1179 4088 oue
1206 4041 1265 4090 here
1292 4044 1365 4105 giren
1388 4043 1421 4108 by

215 4133 315 4184 curicus
325 4129 414 4192 legend
424 4129 529 4191 relating
539 4133 565 4177 to
576 4129 628 4176 him
638 4128 660 4175 is
675 4124 803 4190 preserved
835 4121 930 4172 Walter
941 4123 1029 4185 Mapes
1040 4124 1062 4172 is
1073 4123 1140 4187 quite
1151 4138 1213 4172 new.
