3610 4852
402 556 465 614 206
836 569 1023 616 consuant
1047 568 1169 614 uaeas
1424 569 1587 631 [nisenam

402 739 608 804 committant
634 749 756 804 secreta
776 739 887 820 servis,
914 741 989 826 quia
1004 739 1123 814 servire
1137 737 1254 803 volunt
1274 735 1373 816 vitiis,
1396 746 1431 801 et
1444 737 1602 802 virtutum

401 845 530 929 fugiunt
543 845 725 908 libertatem
737 869 746 924 3
777 855 821 922 et,
839 855 877 908 ut
899 844 996 930 vulgo
1023 844 1151 922 dicitur,
1167 841 1282 906 similis
1309 841 1446 906 similem
1478 843 1603 927 quaerit.

403 945 563 1013 Quasivit
588 945 783 1009 Edmundus
813 945 950 1009 similem
977 946 1045 1009 suis
1068 947 1101 1008 in
1128 945 1295 1029 voluptate
1321 944 1477 1024 moribus,
1499 945 1601 1008 immo

401 1049 500 1126 vitiis,
505 1057 539 1112 et
546 1049 691 1132 praefccit
697 1049 792 1112 curiae
798 1069 864 1112 suoe
873 1048 981 1112 liberis
991 1049 1156 1112 hominem
1169 1047 1293 1112 servilis
1303 1057 1337 1110 et
1347 1047 1480 1131 abjectis
1489 1048 1602 1111 condi·

401 1150 510 1229 tioniS,
521 1152 575 1236 qui
591 1173 665 1216 cum
676 1151 716 1216 ab
731 1152 802 1236 ipso
815 1152 933 1216 multas
948 1162 982 1216 et
995 1152 1174 1236 insperatas
1190 1160 1224 1214 et
1236 1149 1447 1234 ignobilitatis
1461 1151 1602 1235 impares

401 1264 488 1318 esset
516 1263 683 1318 assecutus
716 1254 910 1338 opulentias,
943 1276 1009 1318 una
1043 1253 1174 1317 tandem
1200 1251 1322 1337 placuit
1346 1251 1441 1337 regias
1471 1273 1601 1317 corones

400 1355 510 1418 villula
522 1356 761 1435 Minstrewrda,
782 1377 879 1441 super
895 1355 1074 1434 Sabrinam,
1089 1354 1194 1419 tribus
1209 1377 1228 1417 a
1241 1353 1444 1418 Gloucestria
1458 1355 1601 1421 milibus.

341 1445 346 1454 ⁸
402 1459 499 1522 Hanc
513 1459 609 1543 petiit
623 1469 658 1522 et
677 1459 713 1522 in
731 1481 888 1544 responso
911 1459 999 1544 regio
1019 1460 1082 1522 etsi
1102 1481 1169 1522 non
1193 1457 1387 1522 ablationem
1411 1458 1599 1523 dilationem

400 1561 534 1624 audivit.
588 1560 734 1625 Rabidos
760 1561 858 1646 igitur
882 1561 959 1624 inde
984 1561 1176 1645 rabidusque
1200 1559 1321 1644 colligit
1343 1560 1417 1638 iras,
1440 1573 1473 1624 et
1502 1583 1600 1645 quem

401 1661 524 1726 domini
546 1663 638 1727 lavor
658 1662 800 1746 injustus
822 1664 911 1726 fatue
934 1683 999 1726 non
1023 1661 1190 1746 superbire
1215 1662 1272 1725 sed
1287 1661 1427 1725 insanire
1442 1673 1600 1747 coegerat,

401 1763 576 1828 meditatus
588 1773 639 1827 est
649 1763 853 1848 iniquitatem
867 1763 899 1826 in
913 1762 1012 1827 cubili
1027 1785 1099 1843 suo,
1114 1785 1211 1849 quarn
1223 1763 1392 1848 concipere
1406 1786 1473 1828 non
1489 1774 1602 1849 posset

400 1866 535 1930 infinitis
551 1865 677 1950 injuriis
693 1867 769 1930 laesa
784 1865 934 1944 libertas;
951 1865 1060 1930 clausa
1072 1877 1150 1930 sunt
1164 1866 1266 1930 muris
1280 1867 1379 1931 aneis
1394 1868 1492 1931 corda
1506 1868 1601 1933 nobi-

400 1969 492 2048 lium,
504 1989 587 2053 quos
601 1967 734 2047 invidia,
749 1991 816 2033 non
829 1967 975 2048 ambitio,
995 1990 1062 2032 non
1076 1969 1256 2054 iniquitatis
1272 1970 1451 2054 corrumpit
1462 1979 1601 2048 acetum,

401 2072 489 2135 unde
504 2093 575 2136 raro
601 2070 767 2136 beneficiis
787 2067 907 2156 'ingrati
922 2071 1084 2150 videntur,
1099 2072 1248 2157 quamvis
1263 2073 1418 2137 maleficis
1432 2073 1601 2137 inveniant

400 2175 600 2260 patientiam,
624 2175 802 2240 animarum
828 2195 905 2239 vero
933 2175 1099 2239 servitium
1126 2187 1183 2240 aut
1203 2177 1301 2241 nullas
1325 2187 1403 2240 sunt
1426 2198 1520 2261 sepes
1543 2184 1600 2240 aut

400 2279 515 2342 dirutae
541 2279 635 2342 furtis
664 2279 786 2364 rapinis
806 2278 994 2361 ceterisque
1023 2279 1143 2364 perviae
1167 2290 1245 2343 sunt
1270 2279 1437 2365 injustitiae
1461 2279 1599 2356 filiabus,

401 2381 501 2446 decus
523 2389 556 2444 et
575 2380 714 2445 dedecus
734 2381 850 2445 librare
870 2389 1095 2462 contemnunt,
1119 2381 1174 2446 illo
1194 2383 1338 2468 pessimo
1364 2381 1510 2448 contenti
1529 2403 1601 2448 ver-

399 2485 511 2560 milio,
684 2569 784 2633 Jupiter
792 2585 846 2619 esso
857 2570 926 2634 pium
938 2570 1024 2620 statuit
1034 2570 1198 2634 quodcunque
1206 2571 1312 2632 jurarat.

446 2666 521 2730 Hoc
542 2672 593 2729 est
616 2663 722 2730 zabuli
741 2667 787 2732 sic
806 2666 1026 2751 evangelicum
1047 2665 1088 2729 ab
1115 2665 1222 2746 Eiron,
1238 2687 1262 2730 v
1278 2675 1490 2743 consonante,
1513 2667 1600 2753 quod

400 2779 452 2834 est
472 2769 561 2834 furor
582 2769 841 2853 interpretatum,
862 2770 950 2833 unde
966 2770 1115 2834 Bacchus
1133 2769 1227 2834 Euan
1250 2769 1378 2848 dicitur,
1399 2791 1467 2834 non
1490 2770 1600 2835 Evan-

400 2872 520 2959 gelium
540 2872 676 2934 Domini
698 2871 780 2936 Jesu
803 2872 910 2956 posito
927 2872 977 2937 bis
992 2894 1016 2937 v
1030 2871 1144 2952 vocali,
1160 2873 1200 2937 ab
1216 2894 1267 2951 eu,
1282 2873 1370 2958 quod
1392 2883 1444 2938 est
1466 2873 1600 2953 bonum,

401 2974 490 3061 quod
512 2972 740 3036 abstinentiam
761 2974 858 3038 docet
874 2996 894 3036 a
913 2974 1006 3038 malis
1026 2983 1059 3038 et
1077 2975 1110 3036 in
1126 2973 1221 3038 bonis
1237 2974 1435 3039 instantiam.
1479 2974 1599 3040 Servus

400 3077 454 3140 hic
469 3077 616 3139 ultronea
630 3095 773 3154 versans,
788 3077 862 3138 odia
876 3078 1007 3140 tandem
1022 3077 1055 3140 in
1072 3099 1138 3140 una
1152 3078 1275 3162 quievit
1286 3077 1457 3157 sententia,
1471 3087 1600 3162 peracta

401 3201 513 3265 regum
544 3178 776 3258 recordatione,
806 3181 924 3244 meitus
950 3181 1092 3265 pessima
1125 3181 1256 3260 scilicet,
1285 3191 1323 3246 ut
1349 3193 1514 3266 superstes
1542 3182 1600 3246 fiat

401 3284 521 3348 mortui
551 3283 665 3360 haeres,
690 3303 811 3368 suaque
832 3283 909 3348 fecit
932 3284 1140 3369 superstitem
1167 3307 1265 3369 opera
1285 3285 1465 3364 Chnutum,
1491 3286 1599 3370 ipsum

402 3387 452 3451 sui
463 3386 614 3471 judicans
627 3385 727 3450 animi
742 3384 867 3470 sibique
888 3386 1026 3450 similem
1046 3386 1198 3470 quatinus
1219 3397 1256 3450 ut
1276 3387 1347 3471 ipse
1367 3388 1445 3451 totis
1469 3386 1601 3451 honori·

400 3489 463 3554 bus
483 3498 618 3573 totoque
640 3490 714 3552 Deo
736 3489 921 3572 postposito
944 3497 1050 3552 toturn
1074 3488 1192 3572 cupiat,
1214 3487 1300 3552 uniri
1322 3488 1385 3553 sibi
1406 3509 1552 3573 regnum,
1567 3497 1600 3553 et

399 3594 434 3656 in
450 3592 630 3656 mercedem
644 3590 823 3674 iniquitatis
838 3590 985 3674 accipiat,
999 3591 1121 3675 absque
1136 3590 1324 3656 difficultate
1334 3591 1387 3656 vel
1401 3612 1502 3670 mora,
1511 3591 1600 3677 quod

400 3695 430 3760 ei
452 3695 604 3759 dominus
626 3694 702 3757 dare
725 3693 903 3758 distulerat.
949 3693 1026 3758 Fuit
1048 3705 1156 3757 autem
1177 3693 1231 3758 hic
1255 3694 1402 3758 modus*
1446 3694 1600 3758 Chnutus

400 3797 608 3863 Lundoniam
630 3807 664 3861 et
685 3797 756 3860 illas
778 3806 868 3861 trans
893 3797 1070 3862 Hichenild
1092 3808 1201 3881 partes
1226 3796 1379 3875 habebat,
1402 3797 1599 3862 Edmundus

400 3901 488 3978 alias,
499 3902 586 3966 unde
601 3899 836 3985 fortecupitam
851 3899 939 3964 illam
956 3900 1219 3964 Minstrewrdam
1229 3901 1433 3986 venit,cujus
1443 3923 1514 3986 ego,
1525 3901 1599 3966 Deo

432 4032 525 4082 *Thia
546 4034 596 4082 isa
613 4049 671 4097 very
692 4035 792 4084 canoas
806 4041 873 4097 story
896 4035 924 4083 of
939 4035 982 4084 the
1014 4033 1266 4096 alderablyfromtbe
1279 4035 1349 4083 asaal
1366 4041 1491 4086 acmanto.
1527 4035 1600 4086 Com·

400 4113 472 4162 death
481 4115 509 4162 ol
519 4115 635 4164 Edmuud
644 4116 763 4172 lroaslde.
772 4115 820 4164 and
829 4115 912 4166 differs
920 4131 981 4166 con·
1014 4132 1072 4178 para
1083 4118 1139 4166 that
1149 4118 1178 4166 ol
1187 4117 1294 4178 Gaimar,
1304 4119 1321 4166 l.
1333 4119 1407 4166 4401.
