3610 4852
394 507 459 567 230
825 517 1014 564 cunarum
1039 517 1160 562 uaros
1418 515 1583 577 [oausav.

394 711 503 775 regern
532 688 714 754 Henricum
739 688 930 766 secundum,
946 697 1014 752 erat
1038 686 1124 750 idern
1146 707 1203 750 rex
1220 683 1382 749 Henrious
1409 686 1600 750 multarum·

394 815 457 878 que
482 813 666 876 grossarum
696 801 729 855 et
752 792 920 876 pinguium
944 790 1209 855 eleemosinarum
1236 788 1381 852 occultus
1408 798 1531 869 auctor,
1556 811 1598 854 ne

393 905 519 980 pateret
534 895 673 959 sinistrae
688 895 776 979 quod
801 894 899 958 dabat
925 895 1066 958 dextera.
1112 893 1237 956 Missus
1258 904 1366 956 autem
1382 914 1401 954 a
1416 892 1597 957 Jerusalem

393 998 566 1083 episcopus
588 998 825 1063 Acharanensis
841 1019 983 1084 quaerere
1006 1007 1119 1062 contra
1134 996 1322 1060 saladinum
1337 995 1505 1075 auxilium,
1520 1017 1598 1060 con·

393 1103 530 1188 gregatis
553 1123 629 1165 cum
644 1100 773 1184 regibus
790 1100 988 1164 Francorum
1010 1113 1044 1164 et
1059 1099 1238 1184 Anglorum
1261 1097 1430 1182 utriusque
1445 1098 1597 1182 principi-

394 1205 467 1283 bus,
492 1203 650 1288 allegabat
676 1224 734 1287 pro
761 1211 845 1266 terra
872 1203 1026 1287 praedicta
1053 1224 1187 1266 censum
1210 1209 1337 1286 petens.
1394 1201 1466 1263 Rex
1489 1209 1597 1264 autem

395 1308 604 1382 Francorum,
620 1306 695 1392 quia
710 1315 789 1370 tunc
812 1327 904 1390 puer,
920 1306 1055 1390 urgebat
1069 1303 1280 1369 amicabiliter
1292 1325 1402 1388 regem
1416 1303 1596 1388 Anglorum

393 1409 498 1474 dicere
523 1409 684 1494 primum;
709 1407 765 1493 qui
788 1408 968 1491 respondit,
991 1411 1013 1446 “
1033 1406 1193 1490 Proposui
1220 1427 1294 1470 cum
1317 1406 1596 1490 opportunitatem

391 1510 534 1576 habuero
550 1509 620 1573 loca
636 1518 746 1572 sancta
763 1508 948 1592 Christique
965 1509 1172 1593 sepulchrum
1187 1507 1329 1585 visitare,
1346 1507 1402 1570 sed
1417 1529 1477 1591 pro
1497 1507 1595 1572 modo

392 1635 466 1678 meo
490 1613 593 1676 donec
616 1610 650 1675 id
675 1609 745 1675 fieri
769 1621 884 1695 posset
898 1632 1083 1675 succurram
1097 1611 1139 1689 ei,
1155 1611 1257 1695 liquet
1271 1610 1358 1674 enirn
1375 1609 1462 1695 quod
1478 1630 1596 1695 urgens

392 1725 426 1780 et
440 1714 539 1778 ardua
548 1713 724 1778 necessitas
741 1722 869 1777 tantum
881 1712 989 1776 emisit
1000 1713 1166 1777 nuncium.
1213 1712 1387 1797 Sexaginta
1400 1713 1498 1776 millia
1513 1737 1597 1778 mar·

346 1843 350 1854 ·
391 1839 502 1882 carum
523 1815 601 1880 illuc
625 1837 683 1901 per
708 1816 817 1901 ipsum
844 1825 877 1879 et
908 1837 998 1880 meos
1019 1816 1080 1880 hac
1105 1815 1175 1880 vice
1198 1815 1452 1880 transmittam.”
1497 1817 1597 1884 Quod

392 1921 476 1986 dixit
500 1920 584 1984 infra
607 1941 752 1983 mensem
777 1918 935 2004 implevit,
956 1919 1010 1984 vel
1024 1928 1104 1983 tunc
1118 1919 1170 1982 rel
1186 1928 1262 2002 post
1285 1918 1411 1982 nullum
1426 1918 1503 1984 inde
1523 1920 1597 1983 fati-

391 2045 471 2110 gans
496 2023 663 2088 exactione
689 2023 742 2087 vel
778 2021 950 2108 exigentia,
975 2032 1014 2087 ut
1037 2022 1132 2086 multi
1163 2021 1270 2086 solent
1298 2043 1317 2084 a
1342 2021 1483 2088 subditis
1509 2025 1597 2110 quod

390 2126 587 2211 impendunt
615 2127 756 2210 praelatis
783 2126 916 2211 eripere.
961 2128 1032 2190 Rex
1055 2135 1164 2189 autem
1190 2125 1334 2190 Francioe
1360 2127 1453 2211 quasi
1479 2127 1596 2212 sagitta

390 2229 500 2294 subita
513 2249 700 2313 percussus,
716 2237 750 2294 et
765 2251 880 2294 omnes
904 2229 1065 2314 principes
1087 2230 1157 2314 ejus
1173 2229 1427 2310 obmutuerunt3
1449 2252 1510 2295 nec
1524 2232 1596 2314 ipse

389 2356 447 2398 rex
466 2355 526 2397 nec
550 2333 686 2397 aliorum
706 2333 822 2418 aliquis
842 2343 934 2397 tanto
951 2332 1126 2397 verborum
1141 2333 1252 2396 audito
1268 2333 1408 2397 culmine
1422 2335 1595 2419 quicquam

390 2435 579 2520 promittere
595 2444 672 2499 sunt
687 2436 767 2499 ausi.
814 2435 896 2499 Haec
911 2417 1019 2498 autem
1041 2435 1125 2497 facta
1151 2443 1228 2497 sunt
1253 2434 1341 2519 apud
1364 2435 1594 2502 Silvanectum.

391 2541 461 2604 Has
477 2541 521 2604 lx.
537 2561 581 2602 m.
597 2560 719 2603 marcas
735 2539 908 2623 episcopus
923 2539 976 2602 ille
987 2539 1090 2616 Acroe,
1101 2559 1174 2619 qum
1194 2538 1285 2623 prius
1300 2539 1450 2602 Acheron
1467 2540 1593 2604 diceba-

388 2655 453 2723 tur,
467 2643 544 2708 tulit
558 2643 600 2708 ad
615 2642 688 2722 Sur,
700 2665 772 2728 quae
787 2644 877 2728 prius
893 2644 997 2706 fuerat
1012 2641 1105 2705 Siria.
1150 2641 1236 2705 Nam
1253 2652 1425 2728 antequam
1440 2644 1593 2723 venisset,

388 2756 483 2831 capta
493 2747 556 2811 fuit
570 2747 751 2812 Jerusalem
768 2756 801 2811 et
815 2748 911 2824 Aera,
921 2757 954 2810 et
969 2746 1020 2808 his
1036 2743 1151 2808 marcis
1167 2745 1299 2810 defensa
1313 2746 1375 2810 fuit
1390 2746 1453 2810 Sur
1468 2757 1501 2810 et
1516 2748 1593 2812 resi-

388 2849 488 2912 duum
505 2857 598 2911 terra
612 2847 795 2912 Jerusalem
821 2869 880 2932 per
894 2869 1027 2910 manum
1044 2845 1211 2910 Bonelacii
1226 2846 1421 2910 marchionis
1437 2847 1478 2912 de
1494 2849 1593 2913 Mon·

388 2951 552 3028 teierrato,
578 2972 675 3034 quern
699 2960 777 3034 post
801 2949 1018 3033 praesentibus
1051 2949 1204 3033 Philippo
1229 2971 1304 3033 rege
1336 2951 1534 3016 Francorum
1559 2963 1594 3016 et

389 3053 550 3116 Richardo
573 3052 752 3136 Anglorum
782 3051 847 3116 duo
874 3051 1042 3116 Hassasisi
1068 3051 1255 3116 occiderunt
1278 3052 1312 3115 in
1339 3053 1409 3116 loro
1433 3055 1592 3120 exercitus

388 3177 512 3235 eorum,
529 3177 610 3241 quos
625 3177 682 3220 rex
700 3155 880 3220 Richardus
896 3155 1006 3220 statim
1021 3156 1098 3220 fecit
1112 3156 1146 3218 in
1162 3157 1265 3218 frusta
1285 3155 1422 3222 concidi.
1468 3159 1593 3223 Dicunt

387 3259 504 3326 Franci
528 3259 615 3344 quod
637 3257 707 3343 ipse
736 3257 893 3321 Ricardus
909 3258 986 3322 lecit
1009 3259 1072 3322 hoc
1097 3257 1167 3322 fieri
1191 3279 1250 3343 per
1272 3257 1440 3338 invidiam,
1455 3272 1489 3324 et
1504 3263 1592 3345 quod

386 3363 571 3451 procuravit
596 3373 735 3427 mortem
762 3362 940 3428 Bonefacii.
1000 3363 1071 3426 Rex
1100 3371 1210 3425 autem
1236 3362 1400 3426 Henricus
1428 3366 1591 3430 secundus

385 3467 603 3554 supradictus,
626 3466 738 3529 multis
768 3466 873 3530 clarus
900 3465 1045 3530 moribus
1070 3475 1104 3530 et
1126 3465 1298 3550 aliquantis
1321 3466 1479 3531 obscurus
1502 3470 1591 3534 vitiis

383 3573 457 3636 fuit.
501 3570 627 3635 Vitium
653 3578 704 3633 est
729 3570 816 3654 quod
842 3591 862 3632 a
884 3569 997 3633 matris
1024 3591 1092 3633 suae
1116 3569 1274 3648 doctrina,
1291 3579 1330 3634 ut
1349 3571 1496 3655 praedixi,
1513 3595 1591 3638 con·

383 3673 493 3750 traxit,
508 3671 736 3753 dispendiosus
758 3679 809 3734 est
831 3670 865 3732 in
889 3691 1022 3734 suorum
1041 3671 1193 3755 negotiis,
1208 3673 1295 3736 unde
1311 3672 1350 3737 fit
1364 3682 1402 3736 ut
1416 3685 1591 3760 antequam

383 3775 513 3860 negotia
528 3795 640 3838 eorum
655 3783 897 3859 consequantur
912 3772 1006 3837 multi
1021 3772 1212 3851 moriantur,
1221 3784 1279 3839 aut
1293 3773 1333 3837 ab
1349 3774 1421 3860 ipso
1437 3779 1591 3844 recedant

382 3881 494 3944 tristes
517 3889 550 3942 et
565 3877 651 3957 vani,
666 3879 751 3942 fame
767 3888 914 3962 cogente.
958 3876 1086 3941 Vitium
1109 3876 1198 3940 aliud
1222 3885 1284 3956 est,
1305 3879 1393 3964 quod
1418 3902 1491 3944 cum
1518 3905 1590 3967 per·

382 3981 550 4058 hendinat,
574 3979 662 4064 quod
686 4001 758 4043 raro
782 3979 830 4058 fit,
847 4000 913 4043 non
940 3977 1101 4063 permittit
1125 3999 1159 4042 se
1183 3978 1286 4044 videri
1310 3983 1490 4047 secundum
1512 3997 1590 4050 vota

381 4086 552 4160 bonorum,
568 4082 624 4146 sed
649 4082 684 4146 in
709 4081 920 4146 interioribus
945 4081 1062 4146 clausis
1089 4081 1167 4145 solis
1189 4081 1253 4146 illis
1279 4083 1433 4168 copiosus
1457 4097 1518 4165 est,
1533 4087 1589 4172 qui
