3650 4852
285 515 432 586 nuptu]
660 518 708 566 ns
732 519 844 566 suess
867 519 1051 568 contnuo
1084 550 1094 567 .

266 678 403 737 tuernnt
423 667 601 756 sapientise,
615 672 828 759 prosperitate
842 695 949 739 rerum
965 683 999 740 et
1012 693 1160 762 persono
1173 669 1295 753 felices,
1317 667 1471 758 abyssum

265 773 376 840 rimnri
391 773 494 860 phisis
505 783 540 840 et
553 775 588 838 in
602 772 708 838 lucem
727 774 889 858 profundo
903 776 1082 860 producere
1096 777 1278 842 voluerunt.
1323 771 1382 837 Hii
1397 780 1474 860 post

267 885 354 942 estro
374 877 476 944 ritem
490 873 690 954 animalium,
709 875 901 957 volatilium,
922 885 957 941 et
970 875 1110 962 piscium
1125 877 1355 955 distinxerunt,
1368 883 1403 940 et
1416 896 1475 939 ns·

267 975 375 1042 tiones
388 983 424 1042 et
436 973 568 1053 fodero,
591 981 723 1038 ustum
745 973 920 1039 herborum
941 983 976 1039 et
998 975 1172 1056 seminum,
1196 978 1242 1042 hii
1264 975 1473 1044 centenniurn

267 1079 461 1161 cornicibus,
483 1077 686 1146 millenniurn
710 1099 848 1164 posuere
873 1079 991 1159 corvis,
1010 1080 1114 1146 cervis
1137 1088 1246 1144 sutem
1268 1088 1399 1145 oetatem
1423 1078 1475 1143 in·

268 1183 487 1250 credibilem*
532 1181 672 1247 Credere
681 1191 790 1246 tomen
800 1181 847 1246 eis
856 1181 950 1248 decet
960 1183 1140 1268 praesertim
1150 1179 1288 1261 deteris,
1299 1181 1474 1266 quodcum

265 1281 348 1368 ipsis
362 1289 438 1348 ente
453 1279 597 1348 css-nium
611 1301 704 1345 esum
715 1279 940 1366 imperterrite
951 1281 1137 1364 monebant,
1147 1291 1187 1348 ut
1194 1281 1293 1347 modo
1301 1281 1474 1350 nobiscum

267 1405 525 1471 osnes,qucrum
539 1405 602 1450 nos
624 1382 692 1448 vito
711 1404 778 1447 non
802 1383 956 1450 lellitnut
978 1388 1191 1453 consuetudo.
1235 1385 1363 1452 Multus
1377 1385 1474 1454 nobis

266 1490 471 1555 inventiones
485 1488 685 1574 reliquerunt
698 1487 734 1552 in
748 1487 889 1574 scriptis,
913 1488 1060 1573 plurimae
1078 1490 1241 1556 devolutos
1257 1499 1336 1556 sunt
1351 1491 1394 1556 ed
1411 1513 1474 1562 nos

266 1587 462 1676 perentetim
477 1585 628 1673 oprimis,
640 1595 674 1651 et
684 1607 751 1652 non
761 1596 813 1652 est
823 1585 947 1653 nncbis
956 1597 1067 1654 nostru
1076 1590 1201 1675 peritis,
1217 1594 1275 1660 sed
1289 1593 1330 1659 eb
1344 1594 1426 1682 ipsis
1439 1595 1475 1660 in

266 1712 330 1756 nos
340 1712 400 1777 pro
410 1698 523 1756 nostru
533 1687 710 1776 capacitate
721 1689 895 1754 massin.
938 1689 991 1755 De
1002 1691 1090 1756 curis
1100 1693 1195 1762 nobis
1205 1695 1295 1782 origo
1305 1697 1475 1779 sermonis,

268 1803 304 1860 et
331 1814 369 1858 eo
385 1792 456 1880 jem
476 1789 617 1856 devenit.
661 1788 716 1855 Sic
741 1788 891 1854 incidunt
916 1811 1045 1878 semper
1070 1792 1186 1881 eliqua,
1218 1823 1290 1886 quae
1312 1801 1388 1869 licet
1405 1824 1474 1868 non

268 1899 410 1966 multum
427 1897 468 1962 cd
483 1917 563 1975 rem,
578 1903 688 1960 temen
704 1894 825 1960 differri
839 1897 968 1978 nolunt,
990 1919 1051 1964 neo
1065 1902 1163 1967 refert
1178 1903 1257 1970 dum
1279 1927 1348 1972 non
1367 1913 1474 1974 strum

270 2003 419 2069 desnsent
432 2000 467 2068 in
481 1998 638 2088 piscem,†
650 2008 685 2066 et
698 2019 767 2066 rem
782 1999 890 2084 poscit
904 2011 979 2088 epte
989 2002 1076 2089 quod
1091 2005 1203 2073 instet.

736 2193 791 2262 De
804 2197 941 2282 inferno.
985 2197 1019 2264 ii.

314 2329 483 2394 Inlernum
511 2323 605 2390 siunt
631 2324 740 2390 locum
769 2324 942 2410 poenalem,
972 2325 1065 2410 qussi
1086 2327 1115 2391 si
1150 2347 1346 2412 praesumam
1368 2328 1475 2394 endnx

269 2433 405 2498 effectus
430 2439 465 2496 et
486 2427 655 2497 temerarie
679 2427 784 2494 dicem
808 2425 930 2492 curium
956 2450 1024 2494 non
1060 2429 1235 2511 inlernum,
1272 2429 1330 2496 sed
1365 2432 1474 2498 locum

304 2639 320 2670 *
337 2642 392 2694 Onr
401 2643 492 2693 sother
502 2641 622 2706 seriously
637 2645 712 2692 storts
730 2641 773 2692 tho
791 2641 855 2692 oln-
887 2642 981 2692 certsin
997 2643 1101 2696 snimnls
1123 2643 1198 2694 could
1225 2644 1287 2696 herc
1308 2643 1372 2696 boen
1390 2659 1474 2696 escu-

271 2725 349 2789 cnlty.
375 2725 456 2776 which
483 2725 529 2776 lsss
546 2725 688 2789 frequently
707 2725 774 2773 since
791 2723 855 2774 been
887 2725 981 2776 tuined.
1014 2725 1068 2777 Tho
1078 2727 1206 2790 following
1216 2728 1279 2778 lines
1287 2725 1338 2794 (De
1347 2725 1474 2792 oetcls'lss)
1534 2769 1536 2774 .

271 2807 350 2856 rslsed
372 2807 399 2857 in
417 2807 487 2871 jolre,
510 2820 538 2856 ss
560 2810 587 2855 tc
607 2805 650 2854 tho
666 2805 812 2869 experiente
823 2804 858 2868 by
889 2820 930 2856 urs
941 2807 1078 2859 sttribnted
1089 2815 1116 2859 to
1128 2808 1196 2859 Bedc
1206 2827 1248 2860 s—

271 2889 350 2940 which
360 2889 403 2940 tho
421 2889 481 2954 long
497 2888 559 2938 llrcs
577 2888 650 2952 giren
668 2887 819 2951 legmdnrily
830 2891 857 2936 to

498 2989 516 3015 ⁴⁸
528 2985 578 3036 'l'er
587 2985 660 3034 binos
671 2985 803 3050 (ludosque
813 2999 903 3034 norem
914 2999 988 3050 super
998 2985 1050 3036 exit
1060 2985 1087 3036 ln
1102 2999 1181 3037 mos

529 3067 546 3118 J
547 3071 604 3115 uste
614 3071 787 3116 senescentum
797 3081 860 3131 quos
871 3066 959 3131 implet
969 3066 1021 3116 ritu
1030 3065 1156 3128 virorum

529 3147 586 3198 Hos
596 3146 682 3196 novies
694 3152 795 3211 superet
805 3147 910 3198 virendo
926 3147 1025 3212 garrulo
1035 3145 1132 3206 cornis,

530 3229 565 3279 Et
575 3234 662 3293 quotes·
673 3229 797 3292 egreditur
808 3228 913 3279 cornicis
924 3229 1016 3279 seculo
1025 3239 1121 3285 anst,

530 3310 673 3374 AEripelen
684 3325 783 3360 cerrum
795 3314 834 3360 ter
844 3310 923 3361 vincit
931 3323 1027 3368 cunm.
1038 3312 1064 3358 ct
1074 3307 1146 3358 illum

529 3380 683 3457 Multipllcst
693 3391 778 3442 novies
788 3392 891 3457 plroenlx
900 3391 1043 3456 repnrsbilis
1053 3391 1114 3452 oles,

530 3475 611 3527 Quem
621 3489 668 3524 nos
678 3477 799 3538 perpetuo
809 3473 890 3524 decies
900 3474 1071 3537 praevertimus
1082 3487 1135 3522 nvo

530 3552 654 3617 Nympho
667 3551 850 3616 Hnmsdrysdes
861 3567 965 3616 qustum
976 3552 1120 3616 longissimo
1130 3553 1182 3603 vtts
1192 3554 1259 3602 est.”

953 3641 1028 3690 Beue
1038 3639 1130 3702 open,
1143 3641 1183 3690 ed.
1196 3641 1275 3700 (iilos,
1287 3640 1337 3690 rol.
1347 3639 1366 3690 l.
1377 3656 1403 3705 p.
1417 3645 1474 3692 lot.

268 3744 349 3807 Pliny,
378 3740 446 3791 nist.
464 3737 526 3788 Nat.
547 3737 590 3786 lib.
614 3738 657 3787 rii.
681 3728 705 3788 e.
725 3739 767 3798 48,
786 3753 853 3802 ssys,
885 3740 973 3797 coms,
991 3738 1018 3787 id
1037 3737 1189 3800 triplicatum
1207 3739 1318 3788 conis-'⁸
1352 3739 1475 3806 Compsrs

268 3823 432 3881 “Hesiodun
461 3819 504 3885 qul
531 3819 626 3884 primus
643 3818 726 3882 aliquo
747 3820 778 3868 ds
805 3819 853 3868 hoc
885 3820 938 3869 slsc
957 3819 1000 3868 tlre
1018 3818 1178 3870 Dsmsnntles
1199 3817 1305 3886 Joycut,
1323 3837 1363 3888 sp.
1390 3823 1473 3889 Reliq-

267 3909 386 3971 prodidit,
398 3905 511 3956 lsbulcw
523 3903 562 3970 (ct
578 3899 644 3964 rect)
662 3901 742 3951 multu
758 3903 789 3952 de
806 3902 852 3952 lrc-
885 3901 976 3965 Antiq.
988 3901 1039 3951 rol.
1050 3899 1078 3950 ii.
1090 3916 1116 3965 p.
1129 3905 1172 3954 75.

268 3989 362 4039 minum
373 4004 426 4039 sero
437 3987 555 4046 rotenus,
572 3985 666 4036 cornici
687 3999 775 4034 norem
792 3998 852 4034 nos·
918 3983 936 4044 †
953 3983 1041 4035 llorut.
1054 3983 1084 4035 de
1096 3984 1158 4035 Arte
1169 3986 1238 4036 Poet.
1250 4001 1274 4037 v·
1286 3990 1312 4038 t.

267 4075 318 4121 tros
343 4071 457 4122 attribuit
484 4075 580 4128 etates,
605 4067 772 4132 quadruplum
800 4065 852 4131 ejus
