3608 4862
245 535 367 600 ceam]
622 534 670 578 on
694 534 804 580 nuere
828 533 1053 580 conruerunt.
1371 521 1433 582 129

227 701 366 789 impiger
380 700 586 788 exsequitur;
608 723 717 788 regem
732 725 800 769 non
822 703 923 768 audet
943 701 1084 788 aggredi,
1104 723 1242 788 puerum
1256 701 1382 768 invadit
1402 715 1437 769 et

227 806 334 870 modis
364 804 518 872 omnibus
548 805 701 870 sollicitat
730 806 765 870 in
800 806 1048 871 retributionem
1087 806 1189 871 totius
1225 805 1434 892 benignitatis

226 907 379 973 exhibitae
407 907 461 972 vel
487 906 691 985 exhibendae,
720 929 795 972 cum
825 907 965 973 lacrimis
997 915 1068 971 orat
1097 929 1184 972 nunc
1214 909 1320 994 primo
1349 908 1434 975 veris

225 1011 383 1076 bonorem
397 1011 486 1075 hunc
502 1008 563 1074 sibi
577 1011 742 1075 nesciente
767 1010 857 1075 Nino
874 1011 1023 1076 conferri.
1069 1010 1197 1075 Primus
1220 1011 1262 1075 ad
1276 1010 1434 1076 carissimi

223 1114 464 1199 promotionem
478 1113 608 1178 nutricii
627 1133 709 1200 puer
733 1113 838 1178 facilis
862 1113 987 1178 annuit.
1033 1112 1145 1178 Parius
1170 1135 1246 1201 ergo
1272 1115 1324 1180 die
1349 1115 1434 1180 festo
1525 1177 1527 1182 .

226 1215 384 1301 palatium
412 1215 586 1300 egreditur,
611 1237 733 1280 corona
761 1216 859 1302 regia,
893 1215 1051 1294 vestibus,
1077 1226 1206 1302 sceptro
1231 1217 1375 1282 solennis
1401 1227 1436 1282 et

222 1341 319 1405 equo.
363 1318 472 1382 Ninus
487 1317 682 1383 eminentem
699 1317 796 1382 turris
808 1318 956 1383 ascendit
970 1319 1092 1398 sedem,
1103 1329 1142 1383 ut
1156 1319 1197 1384 de
1211 1341 1312 1406 puero
1323 1319 1432 1385 rideat

224 1422 311 1509 quod
325 1429 565 1508 procuraverat,
587 1429 622 1485 et
644 1442 717 1486 ecoe
743 1421 855 1486 Parius
876 1421 911 1486 in
933 1431 1028 1508 porta
1051 1422 1250 1507 praenobilis,
1270 1423 1312 1487 ad
1333 1445 1431 1508 quem

223 1526 371 1591 omnium
383 1524 468 1590 oculi
477 1545 600 1589 moram
610 1525 698 1604 facit,
710 1533 748 1588 ut
757 1524 878 1589 diutius
890 1535 1078 1610 expectatus
1089 1527 1231 1591 adventu
1241 1527 1431 1613 praefulgeat

226 1628 376 1714 digniori,
401 1629 667 1714 majestatemque
696 1650 764 1692 non
793 1628 920 1693 minuat
945 1629 1144 1714 praecipitata
1172 1630 1298 1696 levitas.
1344 1630 1429 1696 Cum

223 1742 356 1817 repente
367 1731 498 1817 juvenis
513 1729 554 1796 ab
570 1731 681 1796 abdito
697 1731 893 1796 subornatus
920 1733 1024 1811 irruit,
1049 1741 1083 1797 et
1107 1731 1248 1818 indignae
1267 1733 1430 1820 majestati

217 1837 341 1920 justam
357 1845 391 1900 et
402 1835 527 1920 jussam
543 1834 701 1900 exhibens
715 1835 967 1914 irreverentiam,
991 1837 1032 1900 ad
1047 1835 1153 1901 cubile
1167 1846 1331 1902 mutarum
1355 1860 1431 1924 pro-

220 1938 380 2003 ditionum
396 1961 451 2004 cor
463 1937 606 2024 gladium
624 1938 755 2023 premit,
770 1947 808 2002 ut
833 1939 910 2003 ferri
934 1939 1092 2024 frigiditas
1108 1940 1256 2004 omnium
1269 1950 1429 2027 temperet

218 2041 382 2106 fornacem
397 2041 528 2105 irarum.
566 2039 697 2104 Excidit
711 2039 847 2118 occisus,
863 2041 1016 2125 quoniam
1031 2041 1149 2106 occidit
1177 2063 1275 2127 super
1301 2041 1428 2107 iracun-

219 2142 305 2208 diam
319 2143 391 2228 ejus
406 2142 469 2223 sol3
482 2141 611 2227 juvenis
623 2141 750 2226 asylum
766 2141 864 2206 altare
878 2142 1063 2227 proximum
1080 2141 1172 2227 petit,
1188 2141 1326 2207 accurrit
1336 2143 1426 2208 urbis

215 2245 420 2326 universitas,
435 2255 469 2310 et
481 2246 549 2330 jam
565 2267 630 2309 non
646 2266 794 2308 murmur
806 2243 977 2308 hominum
993 2243 1051 2308 sed
1067 2244 1229 2308 tumultus
1245 2255 1306 2309 est.
1351 2247 1425 2311 Rex

216 2359 389 2414 autumans
414 2370 554 2434 puerum
569 2369 642 2413 ease
666 2347 722 2432 qui
744 2347 917 2432 plangitur,
942 2369 1008 2412 auae
1023 2347 1132 2412 videre
1147 2347 1238 2412 venit
1261 2357 1425 2415 auctorem

215 2451 357 2537 injuriae,
389 2451 519 2516 Parium
545 2451 691 2536 agnoscit
713 2461 879 2515 mortuum
908 2459 942 2515 et
966 2471 1105 2536 puerum
1127 2449 1367 2516 immorientem
1393 2451 1424 2516 ei

215 2554 317 2632 videt,
333 2553 556 2619 dulcissimum
580 2554 786 2618 invocantem
800 2553 886 2618 inter
899 2554 1041 2618 lementa
1066 2553 1256 2638 magistrum
1279 2554 1423 2620 crinibus

214 2656 335 2720 avulsis
345 2665 379 2721 et
392 2641 524 2742 pec'tore
536 2665 647 2735 tunso,
658 2655 839 2721 fidelissimi
849 2655 1057 2741 plangentem
1069 2655 1267 2742 diligentiam
1281 2655 1422 2722 nutricii.

213 2758 377 2824 Delusum
397 2781 434 2824 se
457 2759 536 2824 dicit
560 2769 599 2823 ut
618 2759 707 2823 videt
730 2759 839 2824 Ninus
859 2781 896 2824 ac
911 2759 1045 2824 modum
1066 2758 1211 2844 ignorat3
1241 2759 1420 2824 thalamum

213 2861 348 2926 interius
370 2871 504 2927 evocato
527 2883 671 2926 seorsum
696 2883 715 2925 a
734 2861 839 2926 turbis
861 2883 965 2947 puero
988 2861 1141 2926 secretius
1160 2862 1270 2942 intrat,
1283 2885 1365 2948 puer
1379 2884 1421 2928 ex

206 2963 359 3030 'doctrina
373 2965 528 3044 defuncti,
543 2965 684 3029 demisso
700 2965 815 3051 capite,
838 2988 972 3030 manum
993 2965 1042 3031 ori
1063 2988 1267 3052 praeponens,
1282 2967 1316 3031 in
1330 2966 1421 3052 geni·

211 3066 273 3132 bus
289 3076 383 3133 astat.
428 3070 500 3134 Rex
514 3067 592 3133 item
608 3067 709 3132 iratus
723 3077 757 3134 et
771 3068 868 3133 aliam
884 3069 915 3132 ei
926 3069 994 3154 jam
1010 3078 1149 3134 mortem
1164 3069 1196 3133 in
1213 3068 1321 3134 animo
1336 3091 1419 3155 prae·

211 3193 339 3255 parans,
364 3170 481 3257 inquit,
507 3175 529 3207 “
541 3170 629 3238 Quid
646 3185 725 3237 naso
741 3195 874 3237 manum
890 3172 1054 3258 apponis?
1089 3173 1266 3240 Quomodo
1280 3172 1339 3239 tibi
1356 3173 1418 3237 soli

211 3276 316 3340 faetus
338 3298 411 3340 sum
436 3276 685 3341 abominabilis?
720 3277 888 3361 Nunquid
906 3276 970 3341 oris
986 3275 1051 3340 mei
1065 3285 1177 3341 tantus
1197 3285 1249 3341 est
1267 3277 1363 3342 foetor
1378 3286 1416 3341 ut

209 3378 359 3463 proprius
383 3379 532 3444 accedere
552 3400 692 3463 nequeas
704 3378 741 3442 ?''
786 3379 881 3458 Puer,
907 3380 1050 3444 “Immo
1070 3380 1146 3459 mei,
1168 3379 1310 3457 domine,
1326 3380 1414 3464 quod

208 3480 277 3546 vito
299 3503 341 3547 ne
364 3480 517 3546 sentias.''
575 3483 658 3561 Rex,
678 3481 793 3549 “Quis
816 3481 877 3546 tibi
905 3481 1093 3546 revelavit.'’
1138 3481 1233 3560 Puer,
1255 3481 1413 3546 “Docuit

210 3605 263 3648 me
279 3583 402 3662 Parius,
418 3605 515 3669 quem
538 3582 668 3648 amabat
692 3583 798 3662 unice,
824 3583 911 3668 quod
934 3607 953 3648 a
976 3605 1029 3648 me
1053 3584 1234 3650 celaverant
1257 3584 1411 3663 universi,

208 3685 330 3751 scilicet
344 3686 409 3750 oris
424 3685 489 3750 mei
504 3695 570 3750 tam
585 3685 723 3750 nimium
738 3695 809 3750 esse
830 3685 989 3764 foetorem,
1008 3694 1047 3752 ut
1059 3686 1154 3752 vobis
1169 3687 1305 3751 molesta
1318 3687 1411 3752 fieret

204 3789 377 3874 praesentia
401 3811 473 3854 mea
485 3814 495 3868 3
529 3789 605 3852 hinc
628 3789 707 3853 mihi
729 3789 862 3876 propius
898 3789 1087 3855 attendendi
1112 3788 1324 3877 praesumptio
1351 3789 1408 3855 de·

205 3893 319 3977 periit3
348 3892 426 3958 hinc
456 3892 536 3957 mihi
560 3914 688 3978 semper
713 3915 820 3958 coram
847 3893 994 3958 anhelitu
1019 3916 1092 3960 meo
1118 3915 1244 3974 manus,
1269 3913 1311 3958 ne
1337 3917 1409 3960 mea

204 3994 298 4060 robis
313 3994 487 4080 inportuna
503 3995 545 4060 sit
563 3995 702 4075 foedites,
717 4005 750 4061 et
772 4017 845 4062 meo
860 3996 965 4082 possit
987 3997 1087 4061 afflari
1100 3997 1180 4062 vitio
1196 4018 1309 4062 serena
1323 4019 1408 4063 sere·

203 4099 332 4164 nissimi
357 4098 469 4164 vultus
494 4097 594 4164 vestri
620 4097 788 4164 sobrietas.
834 4099 873 4164 ln
900 4098 1145 4168 retributionem
1174 4110 1283 4166 autem
1308 4101 1408 4187 hujus

247 4221 362 4267 canu.
385 4222 460 4267 soc.
1217 4227 1232 4270 s
