3610 4852
232 559 362 624 ciunt]
616 558 664 604 oo
690 557 799 601 soors
824 555 1048 600 conminuit.
1352 542 1415 600 243

214 737 278 804 tur,
292 725 333 790 ab
357 723 578 790 adulatoribus
600 723 754 808 intellige.
801 723 898 788 Certe
920 725 976 808 qui
999 732 1195 808 potestatem
1219 721 1342 788 hebent
1362 723 1415 788 hie

214 829 333 894 rectius
362 829 498 894 venefici
523 835 692 905 vocantur,
717 826 871 911 quoniam
904 836 938 890 et
968 827 1135 891 inferiores
1159 826 1359 912 opprimunt,
1383 837 1417 892 et

215 932 396 1016 superiores
422 931 548 1009 tollunt,
574 940 612 993 ut
636 930 713 994 hino
745 930 820 994 inde
853 930 973 994 facient
996 952 1189 1015 quoeunque
1212 930 1311 994 modo
1337 951 1415 994 rem.

215 1036 341 1099 Omnes
356 1045 465 1099 sutem
481 1032 700 1119 turpitudines
715 1031 756 1096 ab
779 1033 852 1116 ipso
875 1032 982 1096 celant
1003 1053 1089 1117 rege,
1104 1054 1145 1097 ne
1160 1033 1369 1117 corrigantur,
1384 1043 1419 1098 et

214 1139 322 1202 minus
338 1137 475 1223 prosint,
490 1149 524 1202 et
537 1137 602 1222 ipsi
617 1135 841 1221 corripientur,
853 1157 895 1199 ne
906 1133 1045 1200 subditis
1060 1135 1181 1200 obsint.
1227 1135 1294 1202 Hic
1308 1147 1417 1200 autem

216 1263 273 1306 rex
296 1243 330 1306 in
358 1242 445 1308 curia
469 1263 528 1306 sua
551 1239 667 1304 morito
693 1239 808 1304 similis
834 1248 896 1318 est,
918 1240 974 1324 qui
999 1239 1092 1305 novit
1118 1241 1253 1304 ultimus
1277 1261 1417 1305 errorem

217 1343 336 1410 uxoris.
380 1343 433 1407 Ad
459 1342 638 1407 ludendum
664 1341 698 1405 in
724 1340 839 1405 nvibus
864 1351 898 1404 et
920 1340 1054 1404 canibus
1078 1363 1152 1405 eum
1175 1342 1261 1406 foras
1287 1342 1418 1406 fraudu·

217 1445 320 1510 lenter
343 1445 487 1529 ejiciunt,
510 1465 552 1507 ne
574 1442 683 1507 videat
709 1442 796 1527 quod
819 1441 859 1506 ub
882 1443 929 1506 eis
954 1441 1085 1506 interim
1111 1442 1198 1507 intro
1220 1443 1267 1507 fit.
1328 1444 1418 1507 Dum

217 1547 326 1630 ipsum
340 1545 451 1610 ludere
476 1545 610 1623 faciunt,
625 1543 688 1628 ipsi
712 1543 803 1607 seriis
827 1543 1012 1624 intendunt,
1028 1544 1142 1610 rostris
1156 1545 1315 1622 insidunt,
1330 1554 1363 1610 et
1378 1546 1418 1609 sd

220 1673 320 1714 unum
335 1651 434 1714 finem
457 1649 607 1734 judionnt
620 1647 791 1732 oequitstes
806 1657 840 1712 et
853 1647 888 1710 in
903 1648 1090 1732 injustitias.
1137 1649 1222 1712 Cum
1238 1659 1345 1714 autem
1362 1671 1418 1714 rex

218 1763 372 1818 avenstu
385 1751 437 1816 rel
453 1751 590 1836 soeupio
605 1751 700 1828 redit,
717 1751 842 1835 praedes
866 1773 941 1816 suas
967 1751 1013 1816 eis
1034 1753 1189 1832 ostendit,
1205 1763 1238 1816 et
1260 1753 1417 1838 partitum

218 1855 281 1940 ipsi
296 1877 370 1918 sues
385 1854 415 1919 ei
430 1877 496 1917 non
512 1853 666 1918 revelent.
712 1852 777 1916 Sed
792 1873 831 1915 ex
850 1852 902 1915 his
926 1853 1013 1917 unde
1036 1853 1172 1917 laudent
1196 1856 1420 1919 strenuitatem

219 1960 289 2044 ejus
303 1961 337 2023 in
353 1969 476 2044 aperto,
492 1957 711 2022 condemnant
725 1977 801 2019 eum
816 1955 849 2018 io
865 1956 1005 2019 occulto.
1050 1957 1209 2041 Nunquid
1224 1957 1343 2020 mirum
1359 1967 1419 2036 est,

220 2065 247 2128 si
262 2064 383 2127 fallitur
398 2063 453 2147 qui
468 2059 678 2125 familiaribus
694 2058 839 2123 abundat
853 2059 1017 2122 inimicis?
1064 2059 1197 2122 Flaccus
1213 2059 1268 2138 ait,

512 2207 590 2256 Erilis
602 2205 688 2254 domus
699 2211 738 2253 est
746 2204 789 2252 obi
802 2219 852 2252 non
863 2209 889 2253 et
899 2203 976 2252 mults
986 2203 1144 2266 supersunt*

219 2325 265 2389 Et
291 2322 459 2388 dominum
489 2319 616 2398 fallunt,
642 2329 676 2383 et
704 2329 844 2404 prosunt
866 2316 1002 2383 furibus.
1060 2317 1124 2382 Hic
1151 2319 1207 2381 dat
1233 2319 1421 2405 intelligere,

219 2427 307 2512 quod
322 2449 386 2512 quo
403 2423 631 2508 domusmajor
645 2432 706 2499 est,
717 2422 780 2485 hoc
792 2421 892 2506 magis
903 2421 1036 2506 periculi
1047 2443 1257 2505 personarum
1270 2432 1303 2486 et
1314 2443 1420 2486 rerum

218 2531 253 2594 in
268 2551 306 2594 eu
319 2536 476 2592 versetur.
522 2526 610 2589 Hinc
622 2524 654 2586 in
671 2522 905 2608 praedictatam
920 2543 1090 2585 numeroso
1102 2521 1222 2585 familia
1234 2524 1355 2586 multus
1371 2535 1422 2588 est

219 2631 380 2696 tumultus
396 2641 429 2695 et
451 2651 538 2694 error
561 2648 658 2712 super
683 2647 866 2704 numerum,
890 2625 977 2710 quod
1002 2625 1055 2688 ille
1079 2626 1167 2688 solus
1192 2646 1267 2689 oum
1291 2636 1420 2712 tempus

218 2735 378 2821 occeperit
392 2732 528 2810 sedabit,
544 2731 598 2816 qui
614 2729 706 2794 sedet
720 2751 822 2814 super*
832 2729 986 2793 thronum
1002 2738 1036 2792 et
1047 2727 1206 2813 judicabit
1217 2727 1411 2813 justitiam.†

253 2910 268 2939 ⁰
286 2905 374 2955 Horat.
389 2905 400 2952 1
416 2901 464 2968 Ep.
476 2903 509 2952 ri.
522 2905 563 2950 45.
835 2899 914 2948 reciso
933 2899 1052 2961 judicium
1067 2913 1149 2946 meum
1167 2903 1192 2946 et
1213 2912 1310 2946 oensem
1330 2911 1418 2958 metm,

249 2991 266 3048 †
282 2989 323 3040 An
334 2987 438 3036 elimino
451 2995 476 3035 to
489 2985 551 3034 Psoi.
569 2985 603 3033 ix.
618 2987 641 3032 5.
676 2983 800 3036 Quoniam
833 2982 919 3031 sedisti
927 2997 1000 3045 snper
1008 2981 1124 3031 thronum
1132 2981 1174 3044 qui
1182 2980 1280 3042 judiees
1289 2981 1418 3043 justitiam.
