3608 4862
294 515 357 580 cap,
368 515 442 580 svn]
652 539 699 584 nn
723 539 833 586 sucis
857 539 1082 588 conruerunt.
1422 528 1464 587 89

258 689 346 754 unde
360 689 399 755 fit
422 687 520 755 etiam
540 699 579 754 ut
597 688 642 755 ibi
663 691 706 756 sit
722 693 937 759 assuescenda
957 693 1073 760 facetia
1095 693 1152 760 ubi
1175 715 1242 758 non
1258 691 1404 772 debetur,
1427 701 1462 756 et

258 793 335 858 felix
350 793 406 880 qui
419 793 525 858 bonos
541 805 711 860 conservat
730 817 793 860 usu
813 797 973 882 frequenti
991 819 1109 863 mores.
1155 798 1319 862 Mirantur
1341 805 1376 861 et
1394 815 1463 858 me·

258 905 357 960 tuunt
376 896 527 977 Romani,
548 898 635 983 quod
653 897 720 962 sint
738 898 884 965 Gadonis
900 901 1018 966 milites
1033 901 1157 988 magnis
1173 898 1414 968 summitatibus
1429 905 1463 961 et

257 998 362 1064 forme
378 999 546 1084 praestanti
561 999 713 1087 cultuque
729 1000 829 1067 divite
854 1003 1021 1088 praeclues,
1039 1013 1073 1069 et
1093 1003 1236 1069 nonsibi
1254 999 1459 1067 solummodo

259 1103 316 1168 sed
331 1101 483 1166 omnibus
498 1123 581 1187 quos
594 1111 669 1168 ante
683 1102 832 1169 viderant
845 1107 1045 1190 preelerendi.
1091 1106 1276 1192 Ingreditur
1292 1104 1333 1168 ad
1349 1101 1459 1168 Offam

257 1204 453 1292 improvisus
481 1205 588 1286 Gsdo,
611 1205 664 1271 cui
687 1215 816 1272 tantum
836 1209 946 1274 attulit
965 1208 1146 1275 securitatis
1161 1219 1195 1275 et
1210 1209 1280 1294 spei
1302 1215 1461 1293 quantum

258 1309 415 1374 Romanis
430 1307 582 1374 intulerat
595 1309 777 1375 formidinis
792 1321 826 1376 et
837 1311 1034 1392 diffidentia,
1043 1313 1241 1398 edoctusque
1254 1332 1349 1376 suum
1361 1309 1462 1394 juset

257 1434 370 1478 eorum
380 1411 542 1497 injuriam,
553 1412 729 1477 exercitum
742 1413 829 1499 prior
844 1424 986 1479 armatus
1001 1417 1042 1480 ad
1058 1438 1146 1480 arma
1156 1416 1251 1501 juxta
1265 1420 1461 1488 commonet,

259 1537 368 1602 regem
392 1515 501 1602 ipsum
517 1524 551 1581 et
571 1525 675 1580 totam
693 1517 935 1583 multitudinem
957 1519 1101 1604 exceptis
1123 1517 1309 1603 quingentis
1326 1511 1460 1602 optimis

258 1619 293 1684 in
307 1617 398 1683 urbis
418 1618 526 1684 medic
547 1618 661 1683 statuit
682 1617 717 1682 in
739 1619 812 1684 loco
836 1620 980 1708 spatioso
1006 1630 1040 1687 et
1064 1642 1177 1700 vacuo,
1200 1621 1270 1707 ipse
1294 1641 1369 1684 cum
1393 1615 1460 1680 suis

256 1731 385 1788 tuntum
400 1722 441 1786 ad
461 1731 590 1808 portam
605 1743 677 1808 quae
696 1721 809 1806 primis
824 1723 968 1788 hostium
988 1724 1163 1810 praestabat
1185 1722 1368 1789 incursibus
1382 1741 1461 1784 con-

257 1823 347 1909 gredi
358 1833 520 1910 properat,
532 1825 750 1910 juvenemque
764 1825 963 1910 precipuum
975 1836 1129 1913 nepotem
1140 1825 1223 1912 regis
1235 1824 1367 1890 nomine
1379 1821 1462 1888 Sua-

258 1949 338 1992 num
352 1926 509 2013 proximae
530 1926 592 1991 sibi
609 1936 713 2013 portes
730 1927 960 2013 presidentem
975 1927 1138 2013 predictis
1153 1927 1337 2013 quingentis
1354 1925 1462 2012 praefi-

258 2029 313 2096 cit.
356 2031 586 2117 Veniensergo
600 2031 725 2116 primus
741 2031 963 2096 Romanorum
979 2053 1111 2110 cuneus,
1124 2031 1261 2095 Gadone
1272 2052 1333 2114 pro
1344 2031 1461 2094 timore

256 2134 370 2214 vitato,
395 2133 541 2199 Susnum
565 2135 762 2220 irrumpunt,
780 2155 863 2219 quos
882 2133 954 2220 ipse
976 2143 1069 2198 tanta
1096 2135 1217 2198 virtute
1247 2133 1403 2197 sustinuit
1427 2141 1461 2196 et

257 2245 349 2302 tantu
360 2237 479 2302 restitit
493 2238 540 2303 eis
555 2237 756 2316 fortitudine,
774 2247 813 2302 ut
830 2237 931 2301 oculis
952 2237 1069 2322 quibus
1087 2237 1165 2301 alias
1185 2235 1356 2301 Gadonem
1372 2235 1462 2300 vide·

256 2349 331 2405 rant
355 2340 574 2406 discredentes
603 2340 713 2426 ipsum
743 2362 778 2404 se
804 2339 891 2404 idem
920 2339 1083 2406 invenisse
1105 2347 1268 2426 putarent,
1290 2338 1460 2423 validaque

255 2443 464 2508 multitudine
473 2452 599 2509 certant
609 2443 803 2530 opprimere,
819 2465 916 2529 quem
930 2442 1045 2508 bellica
1059 2452 1227 2530 nequeunt
1236 2442 1395 2506 industria
1407 2465 1461 2506 su-

255 2567 378 2632 perare.
421 2546 569 2611 'l'andem
584 2567 625 2611 ex
640 2566 754 2611 eorum
768 2545 879 2610 cuneis
891 2544 1020 2610 duobus
1032 2544 1150 2630 fugatis
1165 2553 1199 2609 et
1211 2544 1303 2624 fusis,
1315 2565 1356 2608 ex
1366 2544 1462 2628 quin·

256 2648 361 2733 gentis
377 2648 509 2714 ducenti
524 2650 715 2715 ceciderant.
750 2647 881 2713 Invadit
895 2657 1057 2712 trecentos
1072 2667 1195 2712 cuneus
1210 2646 1460 2731 quingentorum

256 2761 429 2838 antequam
444 2753 640 2838 respirarent
662 2775 681 2817 a
699 2751 902 2831 lassitudine,
921 2749 1086 2836 missoque
1103 2749 1205 2814 milite
1225 2749 1266 2813 ad
1289 2749 1460 2816 Gadonem

255 2877 315 2942 pro
330 2855 487 2936 subsidio,
502 2877 696 2942 responsum
711 2855 826 2920 habuit
840 2855 970 2920 Suanus
984 2863 1023 2918 ut
1037 2853 1205 2919 dimicaret
1218 2853 1354 2918 fortiter.
1400 2854 1461 2918 Pa-

255 2957 323 3022 ruit
336 2957 389 3022 ille
404 2957 486 3022 nihil
500 2957 685 3044 objurgans,
700 2967 734 3022 et
748 2966 816 3021 tam
830 2956 1041 3022 irreverenter
1055 2955 1090 3022 in
1104 2956 1216 3022 hostes
1231 2956 1324 3021 irruit
1338 2967 1372 3022 et
1391 2966 1458 3022 tam

255 3081 367 3128 secure
381 3082 417 3125 se
431 3060 567 3146 ingessit
581 3060 615 3125 in
635 3059 771 3140 medios,
791 3069 914 3126 utnon
930 3060 1094 3125 videretur
1113 3061 1308 3145 congressio,
1329 3061 1386 3125 sed
1404 3084 1459 3146 ag-

253 3187 370 3230 norum
391 3165 467 3250 fuga
483 3187 551 3249 prae
573 3164 670 3250 lupis,
693 3164 745 3229 vel
763 3164 910 3248 leporum
928 3186 948 3228 a
966 3163 1110 3243 canibus,
1130 3164 1312 3249 instititque
1329 3175 1457 3250 portem

253 3289 411 3353 egressus,
426 3267 553 3332 coedens
568 3288 624 3332 eos
638 3287 742 3351 usque
758 3265 798 3329 ad
814 3275 960 3351 quartam
976 3267 1087 3332 aciem.
1131 3265 1336 3331 Erubescens
1348 3277 1456 3332 autem

253 3370 341 3456 quod
356 3369 493 3456 petisset
513 3369 679 3448 auxilium,
698 3368 807 3434 vivere
828 3369 1010 3454 vilipendit,
1032 3369 1072 3433 ab
1092 3369 1187 3434 hoste
1206 3369 1324 3434 reverti
1343 3371 1455 3454 pudet,

252 3482 421 3554 morteque
436 3493 494 3535 sua
508 3471 657 3536 redimire
672 3480 765 3556 parat
788 3471 970 3536 timiditatis
993 3471 1216 3558 opprobrium,
1236 3472 1339 3536 donec
1360 3471 1455 3536 Gado

250 3576 403 3640 misertus
418 3574 526 3657 fugam
542 3573 572 3637 ei
588 3573 721 3637 mandat
735 3573 828 3639 inire.
873 3574 933 3638 Ille
947 3596 1014 3639 non
1036 3573 1098 3638 sibi
1117 3573 1291 3638 consulens
1310 3573 1367 3636 sed
1386 3594 1455 3635 ma-

246 3676 312 3764 jori
327 3675 488 3761 pudenter
502 3675 668 3756 obediens,
691 3697 798 3760 regem
818 3697 914 3740 suum
938 3687 975 3740 ut
989 3675 1176 3761 praecipitur
1194 3685 1289 3760 porta
1307 3675 1453 3759 neglecta

251 3779 492 3867 praecipitanter
513 3779 592 3844 adit.
638 3777 762 3842 Hostes
784 3761 893 3843 autem
920 3789 958 3842 ut
982 3778 1084 3842 multa
1105 3778 1155 3842 vis
1180 3799 1334 3863 aquarum
1361 3775 1452 3842 obice

251 3891 349 3968 rupto
378 3904 438 3968 per
463 3893 590 3968 portam
617 3882 754 3959 irruunt,
781 3880 821 3944 de
842 3879 1007 3965 triumpho
1027 3879 1141 3952 securi,
1165 3879 1222 3944 sed
1244 3899 1300 3943 eos
1322 3877 1356 3942 in
1380 3880 1451 3944 foro

250 3983 376 4048 fortiter
389 3984 465 4050 Offa
477 3985 624 4070 suscipit,
636 3994 670 4049 et
684 3983 724 4049 ad
739 3981 960 4047 firmissimum
976 3981 1152 4047 alliduntur
1161 3981 1375 4048 obstaculum.
1419 3983 1450 4047 A

250 4095 341 4172 tergo
352 4087 451 4172 igitur
461 4112 520 4176 per
530 4089 666 4156 eandem
678 4086 724 4154 eis
735 4085 885 4152 imminet
895 4096 1022 4174 portam
1036 4085 1142 4167 Gado,
1153 4096 1187 4153 et
1196 4087 1263 4152 fere
1273 4085 1347 4152 falci
1361 4086 1450 4151 simi·

298 4209 412 4258 cauo.
437 4213 511 4260 soc.
860 4211 884 4252 n
