3608 4862
258 583 375 650 capu]
615 585 663 630 ns
687 583 799 631 noers
823 584 1050 634 cuaranrnu.
1362 567 1426 630 11³

225 734 333 800 sum.''
375 735 512 822 Regina,
534 738 557 774 “
568 735 667 802 Nune
691 737 758 802 scio
777 737 864 823 quod
879 737 1029 824 nequiter
1040 735 1263 804 adulteraris.”
1303 735 1350 800 Et
1364 735 1426 801 cri·

224 835 323 902 nibus
352 847 514 924 arreptam
542 839 767 925 pessumdedit
789 839 972 926 pugnisque
999 840 1110 906 laesam
1133 849 1168 907 et
1191 837 1330 926 pedibus
1358 839 1427 906 fere

225 941 468 1008 semimortuam
488 943 585 1008 sociis
607 942 794 1028 assignavit,
820 941 1061 1008 observandam
1078 943 1264 1009 cautissime
1277 963 1320 1008 ne
1335 941 1426 1026 quic·

225 1065 322 1128 quam
330 1045 361 1110 ei
371 1045 523 1126 lioeauet
531 1045 816 1111 seorsuminlecto
825 1045 1129 1132 projecta‚nihilibi
1137 1045 1239 1112 tacuit
1249 1045 1336 1131 quod
1348 1065 1425 1129 pos·

225 1145 269 1210 sit
279 1169 370 1212 amor
384 1148 540 1232 pestilens
555 1148 693 1214 obscura
707 1149 822 1214 docere
837 1150 945 1228 corda,
960 1158 1110 1234 totasque
1126 1149 1259 1213 undem
1273 1147 1307 1211 in
1323 1145 1424 1212 Galo·

224 1268 301 1314 nem
315 1249 459 1316 refundit
471 1251 546 1328 iras,
560 1259 595 1315 et
608 1251 687 1316 totis
701 1271 776 1315 eum
790 1249 909 1315 lacerat
923 1251 1040 1337 quibus
1054 1251 1102 1315 ira
1116 1252 1231 1316 suadet
1241 1247 1402 1315 convitiis.

269 1351 487 1418 chinamm
496 1353 690 1419 incrudelis
699 1361 732 1418 et
740 1352 985 1434 immisericors3
999 1354 1081 1420 ultio
1091 1375 1264 1440 personam
1277 1351 1425 1436 sequitur

225 1453 365 1518 invisam
379 1476 478 1541 super
492 1477 589 1522 omne
603 1456 693 1542 qnod
713 1455 799 1522 licet.
843 1455 990 1521 Conatur
1010 1457 1120 1542 regina
1134 1456 1243 1522 dolere
1257 1455 1423 1520 lraumos

225 1577 413 1642 repercussa
436 1580 505 1624 non
527 1567 644 1640 cessat,
669 1567 704 1624 et
728 1559 814 1624 siout
836 1559 1041 1626 vehementia
1059 1557 1224 1626 ferebatur
1242 1557 1361 1624 amoris
1376 1553 1423 1619 sic

224 1659 430 1726 inclementia
443 1671 606 1746 grassatur
620 1661 697 1726 odii.
743 1660 897 1729 Qualibet
910 1661 1129 1728 incenduntur
1140 1661 1181 1726 sd
1191 1661 1273 1726 iram
1287 1660 1422 1736 offensa,

226 1761 283 1826 sed
292 1761 339 1828 eis
348 1762 411 1828 illes
420 1772 549 1830 tantum
557 1771 753 1849 perpetuant
761 1763 836 1830 odia
843 1785 950 1830 oausoe
958 1786 1039 1851 quas
1046 1764 1125 1830 facit
1133 1763 1288 1844 amor‚vel
1295 1761 1423 1827 ablatus

226 1863 267 1930 ab
277 1865 395 1931 amma
402 1866 494 1930 rivali
504 1865 558 1932 rel
571 1865 613 1931 ab
627 1867 778 1932 affectato
787 1865 931 1932 delusus.
974 1867 1132 1932 Delusam
1142 1889 1178 1933 se
1188 1866 1298 1952 regina
1312 1863 1424 1942 sentit,

225 1975 260 2032 et
273 1989 292 2031 a
306 1969 576 2054 concupiscentiis
591 1968 753 2049 obtusam,
767 1989 829 2034 nec
850 1970 953 2036 eredit
966 1971 1087 2050 sensui,
1102 1969 1160 2036 sed
1174 1979 1288 2035 contra
1300 1964 1424 2056 proprii

226 2070 333 2136 cordis
348 2070 457 2138 omnia
470 2071 636 2158 praesagia,
651 2072 739 2158 quod
752 2072 872 2136 mirum
886 2080 948 2152 est,
970 2072 1044 2158 ipso
1058 2072 1154 2138 corde
1175 2071 1317 2138 luctatur
1330 2091 1424 2136 man-

226 2173 339 2240 datum
353 2196 459 2240 suum.
505 2174 589 2240 Galo
610 2174 652 2240 de
666 2175 827 2241 veniendo
844 2173 981 2260 suscipit
994 2182 1029 2238 et
1042 2173 1146 2254 adest,
1167 2173 1268 2260 fitque
1283 2173 1424 2259 palame

226 2277 355 2346 diverso
378 2299 583 2363 congressus,
602 2277 757 2358 assultus,
771 2286 806 2344 et
819 2277 976 2343 defensio.
1020 2277 1108 2342 Nam
1131 2276 1203 2342 haee
1225 2275 1341 2354 assilit,
1370 2275 1424 2340 hic

226 2380 393 2460 delendit;
414 2380 485 2447 hcc
498 2380 564 2448 tela
577 2389 728 2466 proterve
749 2380 861 2456 mittit,
882 2379 936 2445 hic
957 2379 1061 2465 clipeo
1075 2379 1244 2445 modestiae
1260 2377 1424 2465 suscepit3

226 2482 296 2548 hmo
309 2483 450 2549 intentet
460 2484 632 2564 Venerem,
643 2483 697 2548 hic
711 2482 895 2548 Minervam
907 2480 1030 2566 objicit.
1061 2481 1127 2547 Hic
1142 2489 1250 2546 tamen
1264 2502 1338 2546 eam
1352 2491 1426 2546 tan-

227 2585 314 2665 dem,
327 2586 460 2652 fortium
475 2587 686 2672 negationum
706 2585 833 2671 agmine
848 2585 945 2663 lacto,
959 2583 1173 2650 certissimam
1185 2583 1289 2648 trudit
1301 2583 1335 2647 in
1352 2584 1425 2649 des·

226 2687 438 2774 perationem.
463 2689 595 2774 Regina,
603 2689 672 2774 jam
683 2687 864 2773 nonregina
874 2687 931 2752 sed
942 2685 1426 2774 tygris,seduratruculentior,

227 2789 269 2856 ab
284 2810 393 2854 amore
406 2790 580 2876 degenerat
593 2791 627 2854 in
643 2790 766 2869 odium,
781 2789 982 2874 obtundique
996 2788 1225 2876 procacitatem
1240 2811 1259 2852 a
1273 2797 1426 2854 constan-

227 2893 274 2958 tia
295 2894 486 2975 lamentans,
508 2903 663 2979 tanquam
688 2892 774 2959 icae
796 2891 975 2978 majestatis
996 2913 1089 2957 reum
1111 2911 1303 2978 quacunque
1316 2898 1428 2977 potest

227 2996 329 3060 trehit
341 2995 530 3076 inflictione,
545 3005 580 3062 et
594 3017 629 3064 se
641 2994 803 3062 Gelonem
814 3005 1057 3082 persecuturum
1071 2994 1196 3061 asserit.
1240 2994 1322 3060 Dies
1333 2994 1428 3060 adest

228 3097 313 3184 regis
327 3097 525 3165 Asianorum
546 3098 730 3166 nauium:
753 3098 941 3164 assidebant
963 3119 1039 3183 ergo
1064 3096 1132 3183 regi
1160 3097 1286 3163 dimidii
1311 3094 1428 3162 mundi

228 3201 383 3288 primates
408 3211 443 3268 et
481 3201 637 3289 precipui
674 3201 731 3288 qui
765 3209 983 3266 convenerant
1015 3221 1056 3264 ex
1085 3200 1239 3265 mandato
1268 3199 1427 3266 convivae.

231 3303 367 3370 Cunctis
382 3312 492 3369 autem
502 3302 720 3390 epulantibus,
730 3301 815 3369 Galo
824 3303 913 3368 solus
924 3301 1072 3368 attonitis
1086 3300 1277 3366 intendebat
1289 3300 1325 3365 in
1335 3321 1427 3365 men-

229 3429 299 3474 sam
313 3405 426 3472 oculis.
470 3406 552 3472 Erat
573 3413 682 3472 autem
701 3404 907 3472 hemicielum
928 3405 1125 3470 immensum
1139 3403 1207 3488 regi
1223 3422 1284 3489 pro
1304 3422 1427 3480 mensa,

227 3509 359 3595 regique
384 3509 478 3576 sedes
504 3509 538 3574 in
565 3518 687 3589 centro,
712 3507 865 3594 quatinus
888 3507 1052 3572 eliminato
1073 3506 1175 3572 livore
1193 3505 1229 3570 in
1257 3501 1427 3569 hemiciclo

229 3613 379 3678 sedentes
393 3613 489 3698 regiae
505 3612 590 3678 sedis
605 3621 715 3678 essent
729 3632 843 3676 omnes
858 3609 1023 3695 aequaliter
1036 3607 1187 3694 proximi,
1198 3628 1241 3672 ne
1255 3606 1427 3693 quisquam

228 3724 343 3800 posset
359 3716 400 3781 de
424 3737 483 3781 sua
499 3715 679 3781 remotione
700 3713 809 3780 dolere
828 3734 889 3778 nec
909 3712 950 3778 de
972 3710 1090 3778 vicinia
1103 3709 1242 3796 gloriari.
1288 3707 1427 3774 Gelonis

228 3827 264 3882 et
286 3817 375 3882 Sadii
400 3817 497 3884 simul
514 3827 582 3884 erat
608 3817 713 3884 sedes.
755 3816 802 3882 At
829 3815 940 3901 regina
964 3813 1110 3900 pervigil,
1131 3814 1223 3899 cujus
1249 3811 1292 3878 ad
1317 3811 1428 3898 ipsum

228 3942 357 4006 semper
382 3930 475 3987 eram
497 3920 652 4003 excubiae,
675 3941 771 4006 quam
795 3917 957 4004 cupidinis
986 3917 1175 3984 accenderat
1197 3937 1302 3996 mous,
1328 3933 1428 3999 quam

227 4023 367 4108 gravitm
396 4025 557 4110 exdngrit
585 4023 748 4109 plumbea,
776 4021 881 4107 prima
911 4029 1006 4087 notat
1034 4041 1132 4107 quarn
1161 4017 1300 4086 sollicita
1329 4037 1428 4104 quam

229 4126 343 4192 sedula
369 4127 506 4194 Gelonis
534 4127 654 4210 enims,
679 4148 741 4194 nee
768 4125 897 4192 dubitat
921 4123 1001 4212 quin
1030 4123 1284 4192 secretissimum
1308 4119 1427 4188 habere

272 4248 389 4296 canu.
403 4251 479 4300 soc.
1231 4247 1255 4297 e
