3608 4862
402 525 461 582 152
833 537 1022 582 cunonem
1048 538 1169 582 manes
1404 540 1585 603 [uacuam

397 708 474 771 tatis
491 707 607 772 devote
631 707 776 791 concepi,
792 706 849 771 sed
875 707 908 770 in
931 707 1058 770 timore.
1104 704 1210 769 Causa
1225 705 1322 790 hujus
1338 715 1408 770 tota
1421 707 1491 773 haec
1505 709 1600 774 lectio

396 812 480 874 iacta
495 820 556 875 est.
600 811 652 874 Ad
672 811 760 875 hunc
780 810 878 875 finem
901 819 972 875 tota
991 809 1062 873 haee
1076 808 1151 872 licet
1172 809 1261 872 lenta
1276 813 1461 895 properavit
1486 814 1598 877 oratio.

399 913 509 996 Hujus
532 913 618 997 rigor
632 913 845 977 dissuasionis
867 913 920 976 hic
943 921 1033 976 totus
1056 921 1209 990 armatur,
1224 913 1317 996 cujus
1340 914 1444 978 multo
1467 914 1599 1001 chalybe

398 1016 588 1102 perduratos
604 1015 705 1081 sentis
721 1016 859 1081 aculeos.

724 1207 886 1271 Conclusio
894 1207 1057 1288 praedicto
1071 1207 1217 1288 epistole.
1240 1203 1296 1289 iiij.

441 1351 532 1415 Dura
546 1362 597 1416 est
612 1374 727 1415 manus
743 1351 892 1436 chirurgi,
909 1352 967 1416 sed
982 1373 1110 1416 sanans.
1148 1352 1261 1415 Durus
1276 1362 1327 1416 est
1341 1352 1394 1417 hic
1409 1376 1526 1433 sermo,
1542 1354 1598 1418 sed

398 1476 506 1532 sanus,
529 1463 563 1518 et
583 1454 644 1519 tihi
666 1455 791 1518 utinam
815 1465 882 1518 tam
906 1453 995 1518 utilis
1017 1475 1114 1537 quam
1134 1453 1284 1520 devotus.
1328 1457 1473 1534 Aretam,
1488 1467 1527 1519 ut
1541 1456 1597 1531 ais,

397 1557 457 1622 tibi
471 1557 583 1642 inflige
601 1557 729 1621 vivendi
744 1556 899 1641 regulam.
943 1557 1038 1620 Esto.
1075 1558 1175 1620 Arete
1190 1557 1274 1621 enim
1291 1569 1343 1623 est
1357 1557 1408 1621 via
1423 1581 1496 1644 quae
1512 1558 1600 1623 ducit

399 1661 439 1724 ad
462 1661 572 1739 vitam,
597 1681 657 1724 nee
680 1670 731 1724 est
751 1661 865 1723 semita
887 1660 983 1744 plana
1006 1682 1069 1745 qua
1089 1660 1157 1724 itur
1177 1661 1218 1724 ad
1233 1662 1349 1746 gaudia
1364 1662 1474 1747 plena;
1499 1662 1599 1725 immo

397 1763 494 1827 etiam
505 1763 546 1826 ad
557 1761 729 1826 mediocria
740 1785 799 1847 per
810 1762 949 1827 salebras
962 1763 1138 1826 evadimus.
1177 1763 1313 1827 Audivit
1330 1764 1432 1829 Jason
1443 1765 1530 1849 quod
1543 1786 1600 1850 per

397 1888 485 1930 mare
500 1865 605 1929 adhuc
626 1865 723 1930 nullis
747 1866 982 1951 devirginatum
1001 1865 1123 1930 ratibus
1145 1875 1201 1929 aut
1222 1867 1330 1944 remis,
1353 1877 1387 1932 et
1409 1889 1466 1952 per
1487 1875 1597 1932 tauros

399 1969 603 2054 sulphureos,
615 1977 649 2033 et
662 1991 721 2053 per
736 1968 868 2034 toxicati
884 1969 1043 2054 serpentis
1059 1968 1194 2053 vigilias,
1210 1969 1271 2034 sibi
1286 1971 1440 2035 viandum
1456 1981 1544 2036 esset
1558 1971 1597 2034 ad

397 2093 529 2136 aureum
545 2072 667 2151 vellus;
690 2081 724 2136 et
739 2095 818 2136 sano
830 2073 963 2137 consilio
975 2072 1051 2135 lieet
1065 2093 1132 2135 non
1147 2072 1238 2135 suavi
1253 2094 1331 2136 usus
1347 2072 1436 2152 abiit,
1448 2083 1482 2139 et
1493 2075 1597 2154 rediit,

397 2185 431 2238 et
445 2174 621 2260 optabilem
645 2174 833 2238 thesaurum
849 2175 970 2239 retulit.
1012 2175 1065 2239 Sic
1081 2173 1278 2239 absinthium
1295 2176 1439 2240 veritatis
1454 2187 1598 2262 acceptat

397 2301 534 2342 morosae
549 2278 667 2343 mentis
690 2278 866 2356 humilitas,
888 2278 1053 2342 foeeundat
1068 2278 1210 2343 officiosa
1226 2280 1392 2358 sedulitas,
1407 2281 1442 2344 in
1457 2282 1597 2346 fructum

397 2381 547 2466 producit
570 2381 818 2467 perseverantiae
847 2381 980 2445 utilitas.
1026 2381 1080 2445 Sic
1109 2391 1286 2447 sementem
1303 2383 1418 2448 asserit
1447 2384 1597 2469 pincerna

397 2483 579 2568 pluviarum
602 2485 733 2562 Auster,
748 2484 929 2548 consolidat
951 2505 1050 2568 scopa
1071 2483 1195 2547 viarum
1215 2485 1346 2571 Aquilo,
1360 2487 1395 2550 in
1417 2486 1597 2551 ubertatem

397 2596 568 2673 promovet
581 2587 698 2650 florum
714 2597 838 2651 creator
857 2587 1038 2672 Zephyrus.
1093 2586 1147 2650 Sic
1163 2587 1243 2651 dura
1256 2588 1415 2673 principia
1429 2588 1515 2654 dulei
1535 2590 1597 2653 fine

397 2699 607 2755 munerantur
616 2716 626 2770 ;
650 2693 697 2755 sic
712 2700 819 2755 arctus
835 2691 923 2755 callis
939 2689 979 2753 ad
994 2690 1101 2774 ampla
1116 2690 1206 2754 ducit
1221 2692 1359 2776 palatia3
1381 2693 1427 2756 sic
1442 2703 1596 2778 angustus

397 2802 516 2857 trames
526 2793 566 2857 ad
576 2803 692 2858 terram
702 2793 891 2858 viventium.
938 2793 1001 2857 Sed
1012 2803 1049 2857 ut
1058 2793 1218 2877 majorum
1230 2795 1416 2859 testimonio
1426 2796 1507 2860 mihi
1518 2795 1596 2859 fides

399 2896 598 2976 adhibeatur,
616 2897 686 2980 lege
702 2898 879 2960 Aureolum
893 2897 1134 2981 Theophrasti*
1150 2909 1184 2962 et
1208 2897 1360 2964 Medeam
1382 2900 1548 2980 Jasonis,†
1565 2908 1598 2964 et

399 2999 453 3061 vix
468 3020 571 3082 pauca
585 2999 729 3063 invenies
745 2999 869 3064 mulieri
886 2999 1106 3085 impossibilia.

753 3221 843 3283 Finis
857 3221 995 3302 epistola
1004 3224 1184 3302 promissae.
1220 3244 1253 3286 v.

443 3368 566 3448 Amice,
584 3368 641 3434 det
663 3370 723 3435 tibi
746 3372 838 3435 Deus
853 3371 1059 3456 omnipotens
1076 3372 1308 3456 omnipotentis
1322 3374 1463 3439 foeminae
1478 3374 1600 3440 fallacia

398 3495 465 3537 non
481 3472 597 3558 decipi,
612 3483 646 3538 et
659 3473 821 3538 illuminet
835 3497 891 3539 cor
905 3485 998 3539 tuum
1014 3497 1055 3540 ne
1070 3475 1274 3561 praestigiatio
1286 3477 1388 3541 oculis
1403 3479 1520 3542 tendas
1535 3499 1599 3562 quo

399 3598 458 3660 ego
474 3575 582 3641 timeo.
628 3577 694 3642 Sed
708 3599 750 3640 ne
766 3577 917 3642 Orestem
932 3578 1098 3663 scripsisse
1113 3579 1234 3658 videar,
1248 3580 1330 3644 vale.

442 3677 570 3742 Scimus
595 3679 679 3742 hane
697 3678 859 3763 placuisse
882 3679 1004 3757 multis,
1029 3680 1121 3744 avide
1144 3679 1278 3766 rapitur,
1303 3681 1529 3746 transcribitur
1548 3682 1601 3745 in-

400 3790 500 3860 tente,
514 3781 611 3866 plena
621 3781 823 3865 jocunditate
837 3781 964 3866 legitur.
1011 3782 1121 3847 Meam
1146 3793 1255 3848 tamen
1281 3805 1352 3848 esse
1378 3785 1521 3869 quidam,
1541 3783 1601 3848 sed

400 3883 440 3946 de
455 3882 560 3968 plebe,
576 3892 705 3970 negant.
751 3885 908 3969 Epistolae
923 3883 1009 3949 enim
1024 3887 1181 3965 invident,
1206 3888 1354 3952 decorem
1376 3909 1471 3952 suum
1486 3887 1516 3953 ei
1530 3887 1602 3951 vio-

432 4087 447 4117 ·
466 4085 521 4134 MS.
534 4087 629 4136 Arund.
651 4087 766 4148 Tqsraslr‘.
1049 4093 1202 4150 †Noaonlr,
1214 4091 1272 4140 MS.
1286 4091 1382 4142 Aruud.
