3610 4852
230 547 355 613 ὑμνῇ]
611 551 658 596 mr
685 552 795 596 nuors
818 553 1043 598 cunratrusr.
1359 531 1421 605 227

214 728 251 782 et
264 717 466 797 inconfusus,
481 719 624 804 exceptis
648 719 813 785 doloribus
836 744 918 808 quos
933 722 963 786 ei
978 725 1125 788 fecerunt
1145 721 1203 786 filii
1226 721 1287 802 sui,
1306 719 1423 805 quibus

216 831 255 884 ut
276 820 368 884 aiunt
389 819 595 904 impatienter
617 821 761 886 toleratis
788 845 901 887 eorum
932 845 1064 888 rancore
1094 822 1244 888 decessit.
1290 822 1425 886 Fecerat

216 931 325 986 autem
351 923 438 987 idem
463 945 519 988 rex
546 923 715 989 Lodovico
741 927 900 1010 piissimo,
920 938 1038 1012 praeter
1053 927 1240 1012 praedictam
1261 925 1424 1009 injuriam,

215 1025 312 1089 taedia
327 1027 441 1104 multa,
457 1048 594 1110 quorum
612 1027 775 1091 Dominus
801 1038 868 1093 tam
894 1030 928 1093 in
951 1029 1024 1114 ipso
1048 1052 1144 1115 quam
1161 1029 1194 1093 in
1210 1028 1284 1092 filiis
1301 1027 1423 1091 duriter

214 1126 256 1192 sd
272 1127 429 1191 ultionem
443 1127 629 1192 recordatus
645 1137 706 1208 est,
728 1139 766 1192 ut
781 1130 932 1195 creditur.
977 1130 1129 1194 Vidimus
1148 1129 1241 1193 initia
1256 1129 1346 1212 regni
1361 1129 1422 1207 sui,

216 1229 379 1316 vitamque
402 1241 591 1316 sequentem
613 1231 647 1294 in
671 1232 781 1296 multis
805 1233 1106 1299 commendabilem.
1152 1233 1330 1297 Mediocris
1357 1242 1423 1295 sta-

215 1343 298 1397 turae
331 1355 476 1396 summos
498 1333 675 1398 excedebat
696 1334 730 1398 in
755 1335 894 1415 modico,
916 1337 966 1400 vir
988 1335 1208 1401 membrorum
1241 1334 1424 1420 integritate

215 1436 390 1520 vultusque
412 1446 583 1500 venustate
599 1437 725 1518 beatus,
750 1449 784 1503 et
809 1460 905 1523 quem
931 1439 1024 1504 miles
1048 1439 1218 1522 diligenter
1239 1439 1423 1522 inspectum

216 1539 427 1603 accurrebant
445 1539 614 1625 inspicere.
659 1541 718 1604 Vir
732 1541 785 1606 hic
800 1541 1021 1606 membrorum
1031 1541 1198 1606 habilitate
1214 1541 1295 1605 nulli
1310 1561 1425 1604 secun·

216 1643 278 1707 dus
301 1653 379 1719 arat,
403 1643 522 1706 nullius
545 1656 635 1708 actus
658 1643 821 1729 impotens
838 1667 934 1730 quem
949 1655 1063 1730 posset
1078 1645 1170 1721 alius,
1186 1645 1307 1708 nullius
1323 1642 1422 1706 comi·

216 1745 293 1810 tatis
308 1744 440 1822 inscius,
455 1744 617 1809 litteratus
634 1746 674 1809 ad
690 1769 821 1811 omnem
837 1749 1019 1812 decentiam
1042 1760 1076 1812 et
1097 1748 1283 1826 utilitatem,
1299 1747 1423 1830 lingua-

216 1871 289 1914 rum
304 1849 451 1912 omnium
467 1871 539 1934 quta
555 1860 665 1912 sunta
681 1851 760 1914 mari
777 1850 903 1916 Gallico
921 1874 1023 1937 usque
1043 1853 1082 1915 ad
1107 1851 1285 1916 Jordanem
1301 1849 1424 1913 habens

216 1953 397 2031 scientiam,
421 1952 538 2016 Latina
568 1964 696 2017 tantum
719 1965 815 2018 utens
838 1965 872 2018 et
894 1954 1028 2019 Gallica.
1075 1954 1116 2017 In
1146 1954 1272 2038 iegibus
1303 1953 1424 2016 consti·

218 2055 348 2119 tuendis
376 2064 411 2118 et
432 2057 521 2119 omni
545 2057 699 2140 regimine
732 2057 920 2142 corrigendo
946 2057 1117 2137 discretus,
1147 2057 1295 2120 inusitati
1318 2055 1425 2120 occul-

217 2161 307 2245 tique
326 2159 441 2243 judicii
464 2159 594 2223 subtilis
616 2161 767 2224 inventor
779 2187 788 2240 3
812 2161 959 2240 affabilis,
982 2161 1198 2240 verecundus,
1214 2173 1247 2226 et
1269 2159 1402 2224 humilis
1414 2183 1425 2238 3

218 2285 376 2348 pressurae
391 2263 534 2348 pulveris
544 2274 578 2329 at
586 2264 647 2327 luti
656 2264 1046 2349 patiens,importunitate
1055 2265 1257 2350 querelarum
1270 2264 1425 2342 offensus,

216 2367 386 2431 lacessitus
415 2366 541 2450 injuriis
564 2389 637 2430 cum
672 2367 802 2431 silentio
834 2368 1021 2452 perferens3
1051 2377 1265 2432 veruntamen
1296 2387 1424 2450 semper

217 2468 373 2532 itinerans
403 2477 470 2532 erat
494 2467 589 2532 dietis
613 2467 869 2532 intolerabilibus
900 2469 992 2554 quasi
1020 2471 1220 2555 duplomate,
1246 2478 1280 2534 et
1302 2469 1337 2532 in
1360 2468 1424 2532 hoc

217 2572 345 2636 familiae
369 2570 518 2655 sequenti
540 2569 638 2633 nimis
661 2570 910 2651 immisericors3
937 2595 1054 2637 canum
1077 2583 1111 2637 et
1133 2573 1241 2637 avium
1267 2571 1424 2657 peritissi-

219 2697 303 2754 mus,
325 2683 360 2738 et
376 2672 535 2738 illusionis
550 2673 636 2736 illius
652 2673 876 2753 avidissimus3
899 2675 933 2738 in
953 2676 1070 2759 vigiliis
1086 2685 1119 2740 et
1133 2675 1242 2740 labore
1257 2675 1423 2738 continuo.

218 2777 380 2844 Quotiens
410 2785 519 2840 autem
549 2775 583 2839 in
616 2777 740 2840 somnis
773 2776 883 2861 ipsum
913 2777 1100 2862 imaginaria
1120 2779 1272 2863 voluptas
1296 2776 1423 2862 agebat,

217 2879 344 2966 corpori
367 2901 427 2944 suo
450 2879 671 2958 maledicebat,
695 2878 782 2964 quod
805 2901 864 2944 nec
886 2880 978 2946 labor
992 2903 1052 2946 nec
1067 2881 1264 2946 abstinentia
1279 2883 1423 2966 frangere

218 2983 270 3046 vel
300 2993 474 3047 extenuare
505 2982 667 3046 valebant.
712 2983 784 3046 Nos
818 2993 925 3047 autern
960 2984 1078 3049 exinde
1108 3007 1175 3049 non
1197 2984 1424 3050 inconstantiae

218 3085 345 3151 labores
360 3106 437 3148 suos
460 3084 712 3162 ascribebamus,
729 3086 787 3149 sed
802 3085 912 3150 timori
927 3087 1036 3152 nimiae
1051 3088 1269 3173 pinguedinis.
1307 3087 1426 3151 Matris

218 3210 285 3252 suae
317 3184 496 3250 doctrinam
528 3184 711 3248 audivimus
745 3187 829 3252 hanc
855 3188 966 3267 fuisse,
999 3189 1087 3275 quod
1118 3190 1227 3253 omnia
1253 3190 1427 3274 protelaret

218 3290 364 3356 omnium
393 3289 531 3372 negotia,
555 3289 645 3372 quod
669 3289 822 3374 quaelibet
844 3291 877 3354 in
903 3314 1035 3355 manum
1051 3315 1142 3355 suam
1166 3292 1347 3356 excidentia
1369 3292 1425 3355 diu

219 3395 382 3470 retineret,
398 3403 431 3455 et
444 3393 568 3455 fructus
590 3390 667 3454 inde
688 3391 880 3476 perciperet,
903 3402 937 3456 et
959 3392 1000 3455 ad
1022 3414 1076 3456 eas
1100 3394 1298 3478 suspirantes
1318 3394 1352 3457 in
1368 3416 1426 3479 spe

221 3495 445 3581 suspenderet,
474 3493 630 3578 parabola
660 3494 781 3558 crudeli
814 3495 1008 3560 sententiam
1033 3497 1116 3560 hanc
1138 3497 1344 3575 confirmans,
1367 3499 1427 3563 hac

219 3600 361 3663 scilicet:
384 3597 548 3682 Accipiter
572 3597 716 3662 insolens
739 3620 834 3663 carne
858 3599 920 3663 sibi
945 3600 1065 3684 saepius
1088 3599 1206 3678 oblata,
1233 3610 1266 3664 at
1290 3609 1428 3664 retracta

218 3701 271 3765 vel
307 3699 445 3775 occulta,
474 3698 512 3762 fit
541 3698 676 3776 avidior,
711 3709 745 3763 et
780 3699 929 3784 protinus
964 3700 1148 3785 obsequens
1182 3711 1215 3764 et
1248 3700 1427 3765 adhaerens.

219 3804 369 3870 Docebat
402 3803 499 3866 etiam
533 3803 621 3887 quod
653 3802 687 3864 in
718 3802 860 3866 thalamo
882 3804 1045 3889 frequens,
1068 3804 1103 3867 in
1125 3804 1304 3888 frequentia
1335 3826 1426 3869 rarus

219 3917 324 3985 esset3
347 3905 429 3970 nihil
451 3906 545 3970 alicui
568 3906 712 3970 conferet
733 3906 925 3994 cujusquam
949 3907 1138 3972 testimonio
1172 3908 1235 3971 nisi
1257 3895 1364 3971 visum
1394 3917 1428 3971 et

220 4011 399 4096 cognitum,
421 4018 456 4074 at
484 4009 518 4072 in
548 4009 636 4072 hunc
666 4010 801 4073 modum
825 4011 927 4074 multa
951 4010 1103 4096 pessima.
1147 4013 1221 4076 Nos
1250 4022 1359 4076 autem
1381 4013 1428 4076 illi

219 4114 376 4182 doctrinae
391 4112 529 4178 fidenter
550 4112 749 4197 imputamus
765 4115 873 4178 omnia
888 4114 1007 4200 quibus
1022 4125 1091 4179 erat
1106 4115 1271 4181 taediosus.
1317 4115 1427 4201 Impo-
