3608 4862
389 529 451 586 122
814 541 1002 587 ausurum
1028 540 1149 586 neres
1396 541 1518 604 [matina.
1531 541 1582 590 111.

385 713 532 791 salvare3
554 711 615 776 scit
630 711 727 776 etiam
742 712 928 797 praesidium
939 711 1061 776 viribus
1073 721 1107 776 et
1121 720 1188 775 arte
1201 711 1421 796 quaerendum,
1431 720 1464 776 et
1479 720 1590 777 eontra

388 823 456 878 tam
471 815 623 879 instantis
643 837 768 879 morem
783 815 916 899 periculi
935 836 1003 878 non
1018 815 1127 898 fugere
1143 812 1201 876 sed
1214 813 1324 897 fugare
1347 823 1450 899 parat,
1469 823 1502 878 et
1522 823 1588 877 tam

388 917 537 982 crebrum
554 917 686 981 exhibet
701 917 735 980 in
757 916 861 980 hostis
876 916 1003 981 vultum
1028 916 1168 980 dexterae
1183 937 1250 980 suae
1264 916 1405 1000 gladium
1426 925 1464 979 ut
1488 915 1589 978 nulla-

389 1029 484 1083 tenus
515 1019 637 1104 absque
663 1019 796 1084 vulnere
825 1017 931 1103 possit
964 1017 1049 1081 inter
1073 1026 1164 1080 scuta
1186 1017 1323 1101 gigantis
1350 1017 1436 1081 exire
1462 1040 1588 1081 manus.

392 1123 499 1187 Instat
514 1145 611 1208 agens
628 1122 711 1187 serio
727 1132 760 1187 et
774 1121 850 1186 licet
871 1144 938 1185 non
958 1121 1129 1184 adversum
1151 1121 1281 1183 hostem
1296 1120 1469 1204 cogitasse
1488 1131 1587 1184 retro-

389 1226 535 1310 gradum,
551 1235 584 1289 et
607 1247 704 1311 super
725 1235 865 1290 amatam
887 1247 979 1288 suam
1003 1224 1133 1287 tandem
1151 1223 1351 1307 praecipitem
1373 1224 1464 1288 dedit
1485 1223 1588 1309 ipsam

389 1329 527 1413 pedibus
557 1329 627 1413 ejus
654 1328 897 1393 offendiculum.
943 1327 1067 1391 Retulit
1093 1347 1168 1410 ergo
1193 1327 1310 1410 pedem
1335 1325 1431 1405 Gale,
1450 1347 1587 1410 cumque

390 1431 452 1494 sibi
463 1431 503 1494 de
515 1431 582 1494 vita
591 1431 714 1509 timeat,
726 1430 943 1515 periculosum
955 1429 1032 1493 facit
1044 1429 1224 1494 securitatis
1236 1429 1406 1514 judicium.
1451 1429 1587 1514 Surgere

389 1534 551 1617 gigantem
578 1533 684 1618 jubet,
714 1541 748 1596 et
776 1554 818 1597 ne
844 1532 958 1595 timeat
982 1532 1141 1610 hortatur,
1166 1532 1284 1616 reginae
1319 1541 1477 1617 praestans
1503 1532 1587 1596 unde

391 1636 526 1700 Sadium
549 1636 660 1700 laudet
685 1645 718 1699 et
741 1636 776 1698 in
805 1636 876 1720 ejus
903 1645 1013 1718 surgat
1034 1635 1108 1698 leta
1129 1635 1278 1699 convitia.
1326 1635 1426 1720 Gigas
1453 1657 1529 1720 ergo
1550 1635 1588 1700 de

389 1739 484 1803 venia
498 1740 654 1824 gaudens,
670 1746 703 1803 et
717 1738 844 1802 indulto
860 1737 994 1822 provide
1009 1738 1120 1802 fruens
1135 1737 1304 1818 beneficio,
1318 1748 1409 1803 tutus
1432 1741 1467 1802 in
1481 1739 1588 1824 ipsum

390 1842 503 1906 insiliit
518 1851 552 1905 et
566 1841 710 1926 gladium
726 1851 792 1904 tam
807 1841 883 1904 forti
898 1841 1057 1905 descensu
1070 1841 1206 1906 Gelonis
1217 1842 1331 1906 inserit
1342 1842 1488 1920 umboni,
1504 1843 1590 1927 quod

390 1945 489 2010 lorica
503 1943 632 2009 concisa
648 1945 834 2008 summitate
849 1944 998 2029 pugionis
1017 1944 1107 2008 faciei
1123 1967 1191 2010 sure
1205 1967 1300 2030 grave
1315 1946 1433 2010 vulnus
1457 1946 1592 2030 impres·

391 2048 478 2112 serit.
523 2048 664 2112 Emanat
690 2047 766 2110 inde
781 2068 876 2118 cruor
897 2055 931 2110 et
945 2068 1034 2110 arma
1050 2045 1186 2110 Gelonis
1212 2048 1253 2110 ad
1276 2049 1374 2133 pedes
1395 2070 1497 2133 usque
1521 2069 1593 2133 per-

391 2151 517 2230 fundit,
554 2172 747 2235 quocunque
771 2150 892 2214 recedit
920 2149 975 2214 vel
1000 2149 1123 2213 accedit
1148 2149 1283 2235 vestigia
1311 2151 1408 2236 plena
1430 2151 1592 2236 relinquit,

393 2253 614 2338 spectaculum
626 2253 738 2318 amieis
750 2253 911 2331 odiosum,
923 2251 1105 2316 etinimicis
1120 2252 1263 2336 gloriam.
1289 2254 1384 2333 Galo,
1393 2276 1454 2318 neo
1464 2255 1593 2333 mirum,

392 2357 534 2442 gladium
549 2357 653 2436 timet,
669 2356 721 2420 oui
741 2355 889 2441 pervium
900 2356 990 2420 videt
1009 2355 1160 2440 quicquid
1181 2357 1342 2441 objicitur,
1354 2358 1479 2421 deludit
1498 2357 1592 2435 ictus

394 2460 538 2524 cedendo
565 2471 693 2525 scutum
709 2459 879 2544 aliquando
896 2481 1101 2543 summopere
1116 2481 1231 2524 curans
1247 2483 1288 2524 ne
1303 2461 1433 2525 firmum
1452 2461 1595 2525 inveniat

393 2564 518 2650 gladius
534 2564 737 2628 obstaculum
753 2564 805 2628 eui
820 2563 926 2648 possit
940 2563 1070 2627 haerere.
1116 2565 1187 2628 Rex
1198 2565 1309 2649 nepoti
1324 2565 1450 2644 metuit,
1473 2573 1593 2628 totum-

395 2687 457 2751 que
471 2667 562 2750 cupit
575 2689 634 2750 pro
651 2667 754 2731 salute
770 2688 828 2728 sua
842 2687 978 2749 regnum
1000 2665 1187 2749 inpendere.
1232 2665 1356 2750 Regina
1370 2687 1503 2729 menum
1519 2666 1593 2729 loris

394 2768 510 2853 injicit,
534 2769 621 2833 Sadii
642 2779 737 2833 vocat
763 2768 927 2847 satellites,
954 2767 1118 2852 captivum
1148 2767 1265 2832 abduci
1294 2769 1451 2853 praecipit,
1470 2778 1504 2833 et
1529 2792 1594 2833 non

396 2881 544 2935 assecuta
559 2871 647 2956 quod
664 2870 759 2956 jubet
774 2895 792 2934 a
807 2871 891 2935 circo
906 2870 1037 2948 recedit,
1053 2893 1171 2956 anceps
1195 2894 1235 2936 an
1255 2874 1295 2937 de
1312 2872 1439 2938 Galone
1461 2875 1594 2937 confuso

397 2973 537 3058 gaudeat
559 2996 598 3036 an
620 2975 728 3038 doleat
751 2976 791 3038 da
815 2983 918 3038 morte
943 2974 1041 3038 Sadii.
1097 2974 1181 3038 Galo
1208 2977 1320 3040 videns
1343 2977 1471 3041 hostem
1502 2977 1596 3041 solito

398 3077 587 3140 ferociorem
602 3086 636 3140 et
650 3076 860 3142 irreverenter
874 3077 907 3140 in
930 3099 964 3140 se
985 3077 1182 3162 precipitem
1198 3101 1393 3164 manumque
1418 3103 1510 3144 suam
1525 3091 1598 3144 tuto

400 3199 517 3244 caecam
533 3199 649 3259 errore,
664 3201 763 3243 manu
778 3179 954 3264 prudenter
968 3190 1002 3244 et
1023 3192 1129 3245 astute
1149 3182 1246 3245 struit
1272 3183 1417 3262 insidias,
1440 3193 1474 3247 et
1493 3183 1597 3268 ipsam

400 3281 655 3366 interagendum
667 3282 733 3347 ictu
748 3283 883 3368 praepeti
894 3293 1074 3369 surreptam
1089 3287 1279 3370 amputavit,
1288 3286 1494 3372 gladiumque
1506 3289 1599 3354 velox

401 3385 524 3469 arripit,
534 3386 700 3470 proprium
712 3385 745 3448 in
755 3386 864 3450 locum
874 3409 969 3450 suum
980 3387 1083 3471 ponit,
1093 3409 1212 3472 equum
1221 3389 1376 3454 escendit.
1405 3391 1599 3477 Triumpha-

402 3495 455 3550 tor
468 3508 544 3571 ergo
558 3487 680 3551 victum
691 3487 853 3572 gigantem
864 3510 922 3572 per
937 3490 1093 3554 nasellum
1109 3491 1207 3574 galeae
1222 3491 1288 3576 regi
1300 3493 1360 3556 sub
1376 3494 1508 3559 nomine
1518 3517 1600 3580 pree-

402 3599 511 3654 sentat
526 3590 624 3670 Sedii,
634 3613 754 3655 munus
768 3592 1000 3676 gratissimum,
1016 3593 1180 3678 multaque
1195 3596 1369 3680 gratiarum
1385 3597 1511 3662 actione
1527 3621 1601 3684 pro·

404 3703 552 3758 secutum
565 3693 776 3758 circumstant
785 3716 898 3759 omnes
914 3695 1080 3774 victorem,
1096 3697 1214 3762 vulnus
1230 3708 1345 3784 optant
1363 3701 1473 3766 videre
1498 3702 1600 3767 faciei.

404 3796 479 3859 Rex
494 3796 596 3880 magis
610 3797 783 3882 impatiens
798 3819 898 3862 morae
915 3821 1047 3862 manum
1062 3802 1198 3885 apponit
1213 3823 1375 3868 exarmare
1391 3813 1498 3888 caput,
1514 3803 1601 3890 quod

405 3897 535 3981 quidem
550 3899 619 3983 ipse
634 3899 786 3984 prohibet
806 3899 885 3979 fieri,
902 3899 1100 3985 Sadiumque
1120 3924 1230 3966 secum
1252 3913 1287 3968 et
1306 3905 1447 3989 puellam
1469 3906 1601 3972 abducit

403 4011 442 4063 ut
457 4021 603 4064 seorsum
617 4001 652 4066 in
669 4011 792 4068 secreto
807 4002 864 4067 fiat
878 4025 1040 4068 armorum
1050 4005 1271 4070 commutatio.
1318 4007 1401 4072 Galo
1411 4031 1484 4073 cum
1497 4010 1602 4094 puella

405 4101 493 4166 domi
508 4102 637 4184 residet,
653 4103 769 4170 Sadius
787 4106 827 4169 ab
843 4107 994 4170 omnibus
1007 4117 1195 4193 expectatus
1211 4111 1330 4174 curiam
1344 4112 1436 4196 petit.
1482 4114 1601 4199 Requi·
