3650 4852
396 491 438 552 60
830 508 1018 554 ounurnar
1042 507 1164 552 naeus
1425 508 1547 571 [Daune.
1560 509 1583 560 ῐ.

397 658 531 737 cellulis,
547 681 685 745 quorum
701 661 902 725 conversatio
918 659 1088 725 notissima
1102 668 1170 738 est3
1186 668 1308 723 etcum
1323 658 1477 724 omnibus
1492 661 1600 728 modis

396 761 467 825 haec
482 771 629 846 tempora
644 763 824 828 Dominum
839 763 1001 828 attrahere
1016 763 1226 840 contendant,
1241 761 1351 826 minus
1373 762 1470 826 nobis
1484 763 1600 829 adesse

396 862 527 928 ridetur
541 886 639 948 quam
654 887 728 930 cum
755 866 794 931 de
820 865 917 930 corde
932 864 1072 949 simplici
1087 862 1157 928 sine
1171 863 1312 927 vestium
1326 871 1384 928 aut
1398 863 1506 928 cultus
1520 865 1598 930 arti-

397 964 472 1029 ficio
487 966 668 1050 petebatur.
714 966 806 1032 Sicut
821 967 909 1031 enim
924 967 1070 1032 cordium
1086 976 1246 1031 scrutator
1260 975 1312 1030 est
1326 987 1394 1030 non
1403 986 1599 1050 pannorum,

399 1067 445 1132 sic
460 1068 559 1133 animi
580 1069 663 1134 bene
689 1069 839 1155 dispositi
863 1078 989 1134 amator
1013 1080 1065 1136 est
1089 1092 1158 1134 non
1180 1066 1378 1134 vestimenti.
1422 1069 1501 1133 Non
1521 1089 1600 1154 ergo

398 1191 460 1234 nos
485 1181 697 1236 contemnant
723 1172 779 1258 qui
804 1172 923 1238 vilibus
947 1173 1141 1251 vestiuntur,
1162 1171 1237 1255 quia
1252 1170 1308 1255 qui
1323 1170 1394 1256 capi
1408 1192 1476 1235 non
1491 1170 1601 1256 potuit

397 1273 432 1337 in
448 1295 596 1338 sermone
607 1297 675 1339 non
691 1275 878 1361 decipietur.
923 1276 994 1339 Rex
1009 1284 1121 1340 noster
1131 1273 1294 1339 Henricus
1310 1272 1483 1354 secundus,
1505 1275 1599 1358 cujus

398 1385 596 1461 potestatem
611 1387 701 1442 totus
716 1379 782 1442 iere
797 1379 892 1442 timet
918 1377 1017 1454 orbis,
1032 1374 1269 1461 preciocissime
1285 1397 1414 1461 semper
1426 1376 1599 1442 redimitus

399 1486 438 1541 ut
450 1479 553 1557 decet,
565 1500 632 1543 non
641 1479 778 1563 apponit
790 1479 955 1564 superbire
967 1501 1027 1544 nec
1041 1479 1161 1564 aliquid
1177 1479 1280 1543 altum
1295 1500 1406 1564 sapere
1421 1479 1600 1563 praesumit,

398 1601 617 1665 necunquam
632 1580 771 1646 elatione
790 1580 1019 1666 aliqualingua
1041 1583 1112 1667 ejus
1135 1581 1333 1661 intumescit,
1358 1603 1420 1647 nec
1445 1603 1480 1646 se
1501 1602 1599 1666 supra

398 1681 565 1745 hominem
581 1681 775 1766 magnificat,
802 1683 860 1748 sed
875 1704 947 1769 quoe
961 1682 1040 1747 ioris
1052 1694 1187 1769 apparet
1201 1683 1235 1747 in
1249 1692 1341 1748 veste
1357 1704 1484 1768 semper
1499 1692 1550 1748 est
1562 1683 1598 1747 in

399 1804 456 1847 ore
474 1783 644 1848 munditia.
690 1783 776 1848 Cum
798 1784 841 1850 sit
856 1785 885 1850 ei
907 1807 1004 1851 nemo
1019 1807 1078 1870 par
1091 1785 1189 1851 hodie
1208 1786 1261 1850 vel
1284 1785 1408 1865 similis,
1432 1793 1601 1870 contemp-

398 1885 524 1951 tibilem
541 1907 575 1951 se
591 1885 693 1972 magis
708 1888 828 1954 fatetur
841 1909 938 1972 quam
954 1895 1212 1971 contemptorem
1226 1885 1333 1952 faciat.

663 2061 714 2123 De
728 2061 864 2142 quodam
878 2068 962 2124 secto
978 2061 1204 2126 hereticorum.
1241 2058 1329 2123 xxix.

441 2195 513 2260 Rex
536 2204 648 2260 noster
668 2195 766 2261 etiam
790 2196 954 2261 Henricus
979 2196 1142 2261 secundus
1168 2196 1209 2260 ab
1235 2193 1387 2260 omnibus
1411 2191 1504 2258 terris
1530 2194 1598 2258 suis

398 2306 485 2362 arcet
519 2297 679 2362 haereseos
705 2321 799 2364 novas
826 2298 1108 2364 damnosissimum
1134 2307 1267 2377 sectam,
1290 2319 1363 2382 quac
1396 2296 1518 2361 scilicet
1542 2318 1599 2362 ore

397 2399 594 2466 confitentur
609 2400 649 2465 de
666 2401 797 2466 Christo
821 2401 974 2487 quicquid
998 2411 1032 2467 et
1053 2424 1125 2481 nos,
1150 2400 1209 2465 sed
1230 2400 1324 2464 factis
1345 2399 1523 2464 multorum
1537 2399 1600 2462 mi-

395 2501 477 2566 lium
503 2501 631 2581 turmis,
653 2525 733 2587 quas
763 2505 881 2567 Ruttas
906 2512 1035 2582 vocant,
1064 2502 1179 2567 armati
1203 2502 1335 2586 penitus
1364 2523 1384 2564 a
1408 2499 1528 2564 vertice
1556 2498 1599 2564 ad

396 2605 524 2691 plantas
540 2605 639 2684 corio,
662 2604 775 2684 calibe,
789 2605 943 2685 fustibus,
966 2614 1000 2670 et
1024 2606 1120 2683 ferro,
1143 2605 1349 2680 monasteria,
1372 2603 1476 2682 villas,
1501 2602 1598 2667 urbes

395 2709 432 2772 in
446 2707 571 2771 favillas
585 2708 747 2792 redigunt,
763 2707 920 2773 adulteria
944 2708 1102 2772 violenter
1122 2718 1156 2773 et
1173 2707 1243 2772 sine
1257 2706 1386 2772 delectu
1399 2714 1599 2790 perpetrant,

396 2809 494 2894 pleno
517 2809 613 2873 corde
634 2809 790 2888 dicentes,
813 2810 891 2874 Non
916 2819 967 2875 est
981 2811 1105 2875 Deua*
1151 2810 1234 2874 Haec
1259 2818 1369 2874 autem
1393 2817 1463 2872 orta
1484 2816 1536 2871 est
1563 2806 1599 2872 in

397 2911 596 2989 Brebannio,
617 2911 704 2976 unde
720 2911 838 2975 dicitur
853 2912 1099 2977 Brebeanonum
1110 2918 1151 2991 3†
1166 2935 1242 2976 nam
1256 2911 1291 2974 in
1306 2909 1412 2996 primo
1426 2909 1600 2976 latrunculi

398 3015 518 3100 egressi
531 3014 635 3099 legem
652 3015 714 3079 sibi
728 3016 885 3094 iecerunt,
901 3016 1035 3080 omnino
1051 3025 1164 3080 contra
1178 3015 1292 3100 legem,
1308 3022 1342 3078 et
1355 3011 1506 3076 associati
1520 3022 1600 3077 sunt

397 3120 445 3185 eis
474 3129 608 3205 propter
637 3119 828 3184 seditionem
857 3120 996 3205 fugitivi,
1017 3120 1124 3185 clerici
1152 3118 1236 3198 falsi,
1265 3114 1416 3180 monachi
1445 3113 1543 3194 erasi,
1564 3124 1600 3180 et

433 3323 447 3351 ·
466 3318 508 3368 rs.
520 3317 574 3369 xiii.
589 3323 611 3370 1.
625 3323 642 3348 ¹⁴
653 3320 725 3370 Dixit
736 3321 854 3385 insipiens
870 3321 897 3369 in
909 3321 982 3370 corde
1016 3321 1139 3380 Guersnd,
1156 3321 1184 3370 in
1201 3319 1244 3370 the
1261 3317 1434 3382 Bibliotheque
1455 3317 1485 3367 de
1504 3315 1599 3368 l’Ecole

397 3417 452 3460 sno,
464 3401 524 3449 Non
535 3407 574 3450 est
586 3400 682 3450 Deus.”
1016 3402 1059 3451 des
1072 3402 1185 3460 Chartes,
1198 3401 1248 3449 rol.
1260 3399 1298 3448 iii.
1316 3415 1342 3463 p.
1355 3401 1412 3447 123.
1446 3396 1555 3448 Jacobus
1567 3399 1599 3447 de

430 3483 544 3542 †These
556 3498 619 3531 were
636 3483 720 3531 rather
739 3498 754 3531 s
770 3482 892 3531 hordaei
907 3483 980 3544 plun·
1014 3483 1135 3541 vitriaco,
1149 3478 1458 3544 Hist.0ccid.·csp.V11.
1474 3479 1598 3528 describes

398 3566 482 3614 derers
493 3563 542 3612 and
558 3563 661 3613 robbers
679 3565 738 3612 than
750 3579 765 3612 s
776 3564 892 3626 religione
912 3568 980 3612 sectr
1014 3565 1083 3612 them
1100 3579 1135 3622 ss,
1149 3567 1167 3592 “
1177 3563 1335 3621 Brabantios,
1353 3561 1420 3610 siros
1439 3562 1597 3624 sanguinum,

398 3663 425 3696 as
437 3648 525 3709 Mapas
537 3661 601 3708 says,
614 3647 672 3708 they
683 3645 731 3694 had
743 3661 775 3694 no
788 3645 891 3708 religion
902 3650 928 3692 at
939 3644 979 3693 all.
1013 3644 1185 3703 incendiarios,
1201 3644 1325 3702 Rutarios,
1343 3648 1369 3692 st
1384 3649 1494 3707 raptores
1504 3645 1531 3699 ;”
1547 3642 1598 3691 and

397 3729 468 3792 They
478 3743 519 3776 arc
530 3727 610 3776 better
620 3726 710 3776 known
716 3727 749 3790 by
758 3727 800 3775 tha
811 3726 907 3789 general
918 3731 982 3774 term
1014 3727 1056 3775 the
1072 3729 1226 3788 anonymous
1241 3726 1300 3774 Vita
1311 3725 1375 3774 Lud.
1391 3724 1454 3773 Vll.
1473 3723 1561 3786 speaks
1571 3723 1603 3772 oi

399 3811 428 3860 oi
437 3811 560 3865 Reatierr,
577 3807 625 3857 and
636 3809 789 3871 playsrery
800 3807 878 3856 active
889 3812 945 3870 part
955 3806 982 3855 in
1014 3808 1124 3856 william
1147 3813 1224 3856 count
1246 3807 1275 3855 oi
1294 3804 1392 3855 Chilon
1413 3821 1440 3854 as
1459 3805 1599 3854 “infinitos

399 3892 442 3940 the
453 3891 548 3952 history
558 3891 587 3939 oi
595 3891 638 3938 the
649 3891 724 3938 latter
733 3889 787 3938 hali
796 3889 825 3938 oi
833 3889 875 3937 the
886 3888 981 3937 twelfth
1014 3888 1150 3952 predones,
1163 3889 1236 3951 vulgo
1253 3889 1332 3936 dictos
1350 3886 1537 3942 Brabrntiones,
1555 3887 1599 3948 qui

400 3976 512 4032 century.
548 3970 594 4018 See
610 3970 653 4018 the
669 3970 790 4020 excedam
801 3971 885 4020 article
896 3985 929 4020 on
938 3969 982 4020 the
1015 3985 1061 4018 nec
1074 3969 1599 4032 Deumdirignntmaeviamveriutiscog-

401 4051 517 4104 Rontiers
537 4050 624 4099 citha
643 4051 738 4099 twelith
756 4057 867 4115 century,
890 4052 924 4114 by
943 4051 981 4100 M.
1015 4067 1116 4102 noscere
1127 4053 1223 4112 solunt,
1235 4049 1383 4115 colligens.”
