3610 4852
396 503 457 578 178
818 523 1006 568 ounuunar
1031 524 1152 568 nerse
1398 521 1584 586 [butinalv.

395 674 478 739 dis*
507 674 547 739 In
563 675 681 740 scrinio
695 674 775 738 illud
790 675 946 740 altissime
960 675 1107 740 vinctum
1123 673 1269 760 deponit,
1290 673 1384 760 cujus
1399 673 1597 740 confidentis

396 777 477 842 meri
487 778 599 842 relicto
608 788 726 843 terrem
738 779 872 856 invadit,
882 790 915 843 et
923 777 1172 864 quibuscunque
1182 777 1366 843 civitatibus
1378 787 1436 842 eut
1443 777 1525 842 vicis
1535 777 1596 841 im·

396 879 509 960 minet,
526 881 736 967 Gorgoneum
748 882 921 967 praetendit
939 891 1116 960 ostentum,
1125 880 1333 966 obrigescunt
1348 881 1470 961 miseri,
1482 880 1597 946 vident

396 980 499 1048 instar
522 982 672 1049 Medusae
693 984 858 1048 malitiam.
905 983 1012 1069 Supra
1024 984 1160 1048 modum
1175 983 1317 1061 timetur,
1333 991 1367 1046 et
1382 981 1422 1046 sb
1443 981 1596 1047 omnibus

396 1084 430 1148 in
447 1086 616 1152 dominum
631 1088 797 1173 accipitur,
813 1109 854 1152 ne
868 1097 1014 1172 pereant.
1057 1086 1165 1151 Nemo
1181 1108 1313 1152 causam
1327 1085 1479 1171 intelligit
1493 1085 1596 1170 pestis

396 1188 510 1255 invisa
536 1190 715 1277 subitusque
741 1190 866 1255 mortis.
910 1189 1016 1254 Simul
1041 1189 1128 1254 enim
1151 1189 1265 1256 vident
1293 1200 1327 1254 et
1353 1197 1500 1274 pereunt,
1527 1189 1596 1254 sinc

396 1313 488 1373 voce,
498 1293 567 1360 sine
588 1295 733 1380 gemitu3
755 1295 791 1360 in
805 1293 1054 1380 propugnaculis
1070 1293 1167 1358 etism
1183 1293 1252 1356 sine
1267 1293 1400 1358 vulnere
1414 1293 1597 1357 moriuntur

397 1397 522 1478 armati,
537 1399 657 1463 cedunt
671 1407 786 1477 castra,
795 1397 952 1476 civitates,
968 1396 1153 1482 provincie,
1169 1397 1250 1460 nihil
1265 1397 1386 1477 obstet,
1400 1407 1435 1462 et
1451 1419 1486 1462 se
1509 1396 1598 1462 dolet

397 1501 504 1565 omnis
523 1501 638 1566 militie
650 1501 758 1566 viliter
779 1510 813 1566 et
834 1499 956 1584 absque
978 1501 1109 1585 negotio
1136 1499 1279 1585 spoliari.
1322 1500 1593 1564 Mathematicum

397 1604 539 1690 quidam,
565 1605 619 1670 elii
640 1605 754 1670 dicunt
775 1605 872 1669 deum
884 1629 895 1684 3
921 1603 1073 1689 quicquid
1098 1603 1227 1690 petierit
1253 1603 1334 1667 nihil
1359 1603 1390 1669 ei
1415 1603 1595 1688 negationis

396 1707 547 1773 efferunt.
592 1707 683 1772 Inter
697 1708 766 1792 ejus
781 1716 974 1772 enumerent
984 1728 1086 1770 unum
1099 1728 1280 1786 successus,
1294 1708 1383 1791 quod
1402 1708 1597 1793 imperatore

397 1808 762 1895 Constantinopolitano
796 1808 950 1873 defuncto
975 1808 1042 1874 filia
1070 1810 1141 1893 ejus
1166 1809 1270 1874 haeres
1296 1811 1327 1876 ei
1351 1809 1595 1896 derelinquitur.

395 1913 525 1998 Accipit
534 1911 692 1993 oblatam3
708 1911 780 1997 quis
789 1911 877 1976 enim
885 1913 1004 1996 neget?
1021 1911 1231 1996 Aliquemdiu
1242 1935 1316 1978 cum
1329 1935 1367 1978 ee
1375 1923 1595 1994 conversatus,

396 2017 437 2081 de
453 2015 570 2082 scrinio
585 2016 626 2080 ad
642 2015 799 2080 rationem
814 2014 855 2079 ab
871 2015 942 2099 ipsa
962 2015 1104 2100 ponitur,
1120 2037 1192 2099 quae
1208 2039 1275 2082 non
1290 2015 1354 2080 nisi
1370 2015 1499 2101 cognita
1513 2017 1597 2082 veri-

395 2129 462 2184 tate
478 2117 614 2204 quiescit
629 2139 727 2203 quam
742 2117 868 2194 edocte,
883 2115 946 2201 ipsi
960 2139 981 2178 a
1002 2117 1125 2181 somnis
1141 2117 1282 2182 excitato
1303 2117 1339 2182 in
1351 2117 1477 2181 vultum
1494 2117 1597 2202 porri-

394 2221 490 2307 gitur,
506 2242 570 2307 quo
595 2221 662 2284 suis
684 2218 810 2283 insidiis
833 2229 928 2304 cepto
956 2218 1118 2304 deportari
1139 2219 1235 2304 jubet
1257 2219 1465 2286 Medusaeum
1488 2221 1595 2307 prodi·

394 2326 495 2412 gium,
510 2335 544 2388 et
558 2324 592 2388 in
607 2324 715 2388 medio
730 2322 829 2387 meris
846 2321 1036 2386 Graecorum
1059 2323 1172 2408 projici
1188 2333 1352 2390 tantorum
1377 2325 1477 2390 ultrix
1497 2325 1595 2392 scele-

394 2449 478 2506 rum,
498 2436 727 2510 auctoremque
743 2423 852 2488 delicti
867 2423 991 2487 socium
1014 2445 1085 2488 esse
1106 2425 1298 2509 perditionis
1312 2427 1469 2512 praecipit.
1516 2427 1593 2494 Pro·

394 2539 510 2616 perant
523 2527 558 2592 in
572 2528 662 2615 galea
674 2526 793 2606 nuncii,
804 2526 1011 2612 mediumque
1023 2527 1121 2590 meris
1137 2527 1217 2592 duas
1233 2529 1321 2593 orbis
1331 2529 1551 2594 immanitates
1560 2530 1593 2596 in

393 2633 592 2722 profundum
618 2631 785 2716 abjiciunt.
831 2630 930 2694 Facta
953 2638 1004 2694 est
1029 2641 1138 2695 autem
1164 2630 1204 2695 ab
1230 2654 1344 2697 eorum
1367 2655 1497 2698 recessu
1519 2655 1589 2700 cum

395 2735 500 2800 arenis
520 2733 666 2799 ebullitio
681 2732 796 2818 pelugi,
822 2743 977 2817 tanquam
1000 2731 1131 2797 avrilsus
1153 2755 1172 2796 a
1194 2735 1297 2799 fundo
1323 2734 1471 2820 designet
1493 2747 1591 2801 aestus

394 2839 505 2922 fugem
526 2837 611 2901 saltu
632 2835 742 2900 subito
756 2835 969 2900 resilientium
985 2857 1140 2920 aquarum
1155 2846 1187 2901 et
1215 2833 1458 2902 abhorrentium
1473 2838 1508 2904 in
1532 2839 1592 2904 illis

394 2943 475 3008 iram
490 2940 650 3018 altissimi,
675 2947 709 3004 et
733 2939 825 3024 quasi
846 2960 933 3003 mare
959 2960 1119 3004 nauseans
1139 2939 1269 3025 rejicere
1292 2951 1428 3006 conetur
1454 2945 1542 3028 quod
1560 2943 1593 3008 in

394 3045 504 3131 ipsum
529 3064 589 3106 suo
612 3043 709 3107 tellus
724 3062 809 3126 segre
822 3041 993 3127 puerperio
1009 3043 1237 3108 convalescens
1262 3045 1418 3110 evomuit.
1462 3047 1593 3112 Exalta·

396 3149 476 3214 bant
489 3147 524 3212 in
539 3145 644 3210 sidere
657 3145 788 3221 fluctus,
803 3154 837 3209 et
851 3145 934 3229 ignis
948 3144 1052 3210 instar
1066 3145 1223 3211 altissima
1233 3146 1398 3232 petebant.
1446 3148 1511 3214 Sed
1521 3159 1594 3236 post

395 3254 465 3319 dies
488 3271 611 3337 paucos
633 3257 854 3313 monstrorum
880 3258 1005 3313 mutsts
1030 3249 1201 3329 sententie,
1216 3272 1290 3335 quae
1314 3251 1420 3316 sidere
1441 3253 1594 3337 petebant

395 3377 487 3442 equoe
502 3355 654 3419 deorsum
676 3351 816 3417 tendunt
830 3351 1016 3438 faciuntque
1029 3353 1216 3437 voraginem
1231 3353 1367 3418 circuitu
1391 3355 1594 3441 sempiterne

394 3457 572 3544 vertiginis.
618 3454 778 3520 Cumulus
802 3453 906 3518 fuerat
928 3453 1016 3539 quod
1048 3475 1136 3518 nunc
1155 3455 1243 3519 fosse
1261 3463 1323 3520 est.
1366 3455 1484 3520 Limus
1510 3457 1595 3524 enim

394 3560 549 3652 profundi
570 3582 638 3624 non
664 3556 828 3622 sustinens
852 3553 1161 3636 abhominationem,
1176 3567 1209 3622 et
1234 3556 1332 3621 maris
1347 3555 1515 3624 horrorem
1530 3558 1597 3628 exi-

427 3753 443 3788 *
459 3754 521 3803 'l'his
530 3757 598 3814 story
609 3751 631 3800 is
642 3749 695 3798 told
709 3748 743 3811 by
760 3746 831 3796 John
848 3746 978 3803 Bremton,
1012 3746 1065 3795 The
1076 3745 1165 3810 legend
1180 3747 1239 3796 bers
1258 3747 1312 3796 told
1328 3762 1408 3797 seems
1419 3753 1446 3797 to
1456 3749 1519 3800 huss
1530 3764 1595 3800 some

395 3837 489 3886 chron.
498 3833 545 3880 col.
557 3831 627 3879 1216.
648 3830 695 3878 See
705 3829 767 3886 also,
776 3827 815 3877 ior
826 3829 981 3877 esomewhst
1013 3829 1158 3876 connection
1169 3829 1229 3877 with
1249 3829 1292 3877 the
1303 3829 1412 3878 classim
1424 3835 1493 3894 story
1503 3832 1532 3880 ol
1540 3831 1595 3880 Me·

394 3916 487 3966 similar
498 3917 564 3976 story
576 3911 680 3972 relstirm
690 3915 717 3959 to
728 3910 771 3958 the
788 3924 855 3959 same
872 3909 979 3973 locatim,
1014 3910 1096 3958 duse’s
1108 3910 1179 3970 bend,
1191 3909 1440 3984 chichisrlludedto
1451 3913 1479 3962 in
1487 3913 1530 3964 the
1539 3917 1595 3962 next

394 3998 436 4046 the
452 3994 552 4044 'Ihsvels
568 3993 597 4043 oi
612 3993 651 4042 Sir
662 3993 731 4042 John
741 3991 978 4049 malecuncta
1012 3992 1156 4055 paregmph.
1179 3987 1182 3995 ’
1200 3975 1225 3988 -.
