3650 4852
271 495 486 562 capuam]
637 495 683 538 na
707 495 818 541 nuars
842 493 1068 542 cuaranruu.
1156 465 1210 474 ”

254 647 449 735 quicumque
455 648 564 712 Deum
573 645 681 730 aliquo
690 647 789 712 modo
805 647 1031 733 derelinquunt
1040 648 1209 714 horrendis
1224 671 1336 716 eorum
1352 652 1459 718 adhae-

253 761 327 818 rent
352 750 500 816 coetibus.
546 746 758 835 Multiplicati
785 759 863 814 sunt
887 749 956 834 jam
987 771 1084 834 super
1114 774 1244 817 omnem
1275 776 1457 835 numerum,

253 855 437 920 maluerunt
451 852 527 938 quia
541 851 718 937 phalanges
739 851 930 930 Leviathun,
955 862 993 917 ut
1007 853 1072 917 tuti
1085 855 1248 921 resideant
1267 866 1325 921 aut
1349 866 1459 923 errent

253 979 312 1044 per
325 957 509 1044 provincias
524 965 559 1022 et
572 977 672 1040 regna
686 977 761 1021 cum
776 955 853 1020 odio
867 956 932 1020 Dei
946 965 981 1020 et
994 955 1175 1022 hominum.

514 1127 565 1189 De
579 1124 714 1208 qaudam
729 1125 795 1188 alia
808 1131 893 1188 aecta
907 1125 1084 1188 emadan.
1127 1143 1204 1188 xxx.

297 1235 362 1300 Est
375 1234 473 1300 etiam
490 1233 553 1300 alia
566 1243 661 1299 vetus
675 1233 808 1298 haeresis
829 1233 872 1308 de
892 1255 979 1298 novo
999 1255 1098 1319 supra
1113 1236 1249 1300 modum
1271 1249 1457 1324 propagata,

255 1338 378 1403 ducens
393 1338 550 1424 originem
565 1359 605 1402 ex
619 1337 671 1401 hia
687 1336 744 1422 qui
758 1337 939 1400 Dominum
961 1337 1148 1422 loquentem
1164 1339 1204 1403 de
1219 1361 1314 1406 earne
1330 1363 1388 1405 sua
1402 1364 1456 1408 eo-

254 1440 414 1506 medenda
436 1451 469 1505 et
492 1439 647 1525 sanguine
670 1438 813 1503 bibendo
829 1439 1079 1523 dereliquerunt,
1098 1440 1253 1520 dicentes,
1276 1443 1388 1507 Durus
1403 1445 1457 1510 hic

256 1563 382 1622 serm03
398 1552 432 1606 et
446 1542 602 1607 abeuntes
617 1551 716 1620 retro,
732 1540 810 1606 dicti
830 1550 908 1605 sunt
924 1541 1090 1606 Publicani
1104 1543 1155 1608 vel
1173 1543 1348 1610 paterini*
1394 1546 1457 1610 La·

253 1653 388 1711 tuerunt
402 1653 510 1710 autem
525 1666 544 1708 a
559 1643 673 1709 diebus
689 1643 859 1708 dominica
874 1643 1034 1729 passionis
1054 1644 1140 1710 inter
1155 1645 1358 1711 Christianos
1380 1670 1456 1732 pas-

254 1745 327 1825 sim,
349 1755 515 1832 erantque,
529 1745 635 1830 primo
657 1746 789 1830 quidem
810 1746 921 1810 unicas
937 1745 1101 1812 habebant
1114 1747 1149 1811 in
1169 1748 1253 1812 villis
1269 1771 1349 1834 quas
1363 1750 1456 1814 inha-

254 1848 403 1914 bitabant
417 1849 544 1927 domos,
559 1858 592 1913 et
614 1848 829 1932 undecunque
851 1849 1018 1913 venissent
1042 1849 1160 1936 singuli
1186 1851 1301 1915 domos
1322 1873 1396 1916 suas
1420 1852 1454 1920 in

252 1951 355 2016 fumo.
393 1950 584 2016 Noseebsnt
598 1959 637 2015 ut
651 1951 742 2014 aiunt
755 1951 970 2036 Evangelium
986 1950 1009 2016 J
1010 1951 1159 2018 ohannis.
1204 1953 1281 2017 Non
1292 1953 1456 2040 accipiunt

255 2054 295 2120 de
310 2075 443 2138 corpore
460 2053 583 2118 Christi
596 2062 630 2117 et
646 2053 812 2138 sanguine,
826 2075 910 2138 pane
925 2052 1097 2131 benedicto
1112 2076 1172 2119 nos
1188 2054 1346 2120 derident.
1383 2057 1455 2124 Viri

254 2171 288 2224 et
302 2157 431 2222 feminas
445 2155 643 2234 cohabitant,
657 2177 717 2220 nec
740 2165 897 2240 apparent
918 2154 995 2218 inde
1014 2153 1072 2218 filii
1093 2156 1146 2221 vel
1167 2157 1251 2222 filiae.
1296 2157 1455 2243 Resipue-

253 2270 332 2326 runt
343 2269 452 2324 autem
466 2258 573 2337 multi,
588 2257 771 2341 reversique
786 2257 827 2321 ad
842 2257 941 2321 fidem
952 2267 1103 2322 enarrant
1118 2257 1204 2344 quod
1220 2259 1303 2322 circe.
1316 2259 1454 2344 primam

253 2362 360 2428 noctis
374 2361 526 2446 vigiliam,
546 2360 664 2424 clausis
690 2380 802 2423 eorum
822 2359 942 2443 januis,
958 2359 1086 2438 hostiis,
1108 2368 1142 2424 et
1155 2359 1318 2439 fenestris,
1338 2382 1454 2445 expec-

253 2474 361 2530 tantes
376 2465 410 2529 in
426 2464 560 2550 singulis
572 2461 734 2548 sinagogis
750 2461 817 2526 suis
834 2460 969 2546 singulae
981 2462 1115 2526 sedeant
1128 2462 1162 2525 in
1173 2461 1302 2526 silentio
1313 2461 1454 2542 familiae,

256 2565 486 2652 descenditque
508 2587 567 2651 per
580 2567 693 2629 funem
717 2586 897 2650 appensum
922 2564 957 2628 in
980 2565 1089 2630 medio
1113 2563 1202 2630 mirae
1221 2563 1453 2650 magnitudinis

253 2670 436 2755 murelegua
457 2669 557 2754 niger,
573 2689 670 2754 quem
686 2689 761 2732 cum
779 2668 920 2732 viderint
939 2667 1117 2732 luminibus
1137 2665 1289 2732 extinctis
1312 2666 1454 2751 hymnos

253 2793 323 2836 non
337 2772 520 2851 decantant,
536 2793 603 2835 non
618 2771 770 2836 distincte
793 2773 917 2850 dicunt,
936 2773 994 2836 sed
1013 2771 1179 2836 ruminant
1196 2769 1327 2834 assertis
1348 2769 1454 2832 denti-

253 2872 328 2953 bus,
353 2875 573 2959 acceduntque
596 2875 653 2940 ubi
677 2875 846 2940 dominum
867 2898 962 2940 suum
984 2873 1125 2939 viderint
1144 2873 1325 2958 palpantes,
1339 2871 1454 2936 inven-

254 2984 389 3062 tumque
417 2977 645 3043 deosculantur
674 2977 810 3062 quisque
840 2977 1019 3042 seeundum
1049 2975 1136 3061 quod
1166 2975 1321 3059 ampliore
1350 2974 1454 3038 fervet

253 3075 379 3144 insania
397 3081 562 3161 humilius,
582 3081 714 3165 quidam
728 3081 840 3165 pedes,
863 3079 995 3165 plurimi
1019 3077 1079 3144 sub
1098 3077 1210 3156 cauda,
1225 3073 1369 3161 plerique
1392 3097 1454 3162 pu-

286 3253 303 3284 ⁹
318 3255 371 3306 'I'ha
394 3271 466 3306 name
488 3255 626 3313 Publicani,
651 3255 788 3320 Poplicaui,
809 3270 839 3304 or
870 3255 956 3306 teeath
964 3258 1078 3317 century,
1090 3253 1117 3302 ln
1128 3253 1168 3302 his
1179 3251 1348 3302 Toumament
1358 3252 1387 3301 ol
1398 3252 1452 3301 Aa·

255 3337 399 3401 Populicanl
423 3339 487 3403 (said
508 3345 535 3388 to
554 3339 585 3387 ba
608 3353 623 3385 a
647 3337 791 3400 corruption
813 3337 842 3385 ol
870 3337 978 3394 debriat,
991 3349 1054 3398 says,

252 3419 418 3482 Parilicium),
430 3435 479 3468 was
489 3421 561 3482 giren
573 3426 599 3468 to
607 3433 622 3466 a
630 3425 683 3468 sect
693 3419 723 3466 ot
734 3417 839 3466 heretica
938 3420 956 3446 ‘⁴
967 3416 1007 3465 De
1014 3415 1083 3464 Biola
1094 3417 1119 3462 et
1130 3413 1161 3461 de
1171 3411 1315 3470 Tolouaain,

254 3500 336 3550 which
346 3514 416 3548 arose
424 3502 451 3548 in
465 3499 558 3548 Franco
570 3499 661 3561 during
671 3499 714 3546 the
725 3497 839 3546 eleventh
968 3495 1004 3544 Et
1014 3497 1045 3543 de
1057 3494 1150 3542 Painna
1160 3496 1186 3541 et
1197 3493 1227 3540 de
1238 3493 1343 3550 Mialan,

253 3582 304 3631 and
314 3580 411 3628 twellth
425 3581 556 3638 centurias,
567 3580 617 3627 and
627 3579 736 3627 whichis
747 3577 801 3625 said
811 3583 838 3626 to
969 3575 982 3624 1
995 3581 1022 3624 ot
1033 3574 1133 3622 milliara
1143 3578 1169 3620 et
1179 3587 1211 3620 na
1222 3573 1258 3620 sai
1269 3587 1348 3634 quana

253 3665 317 3713 hara
333 3661 396 3709 been
414 3659 524 3722 strongly
534 3659 643 3708 inlected
654 3659 713 3707 arith
725 3658 767 3706 tha
778 3657 836 3705 dcc·
967 3655 1007 3703 Da
1018 3655 1123 3715 bougrea
1134 3659 1159 3701 at
1169 3654 1200 3700 de
1207 3652 1372 3714 popeluaass’

253 3745 333 3794 trinea
341 3741 370 3791 ol
378 3740 421 3790 the
430 3741 609 3790 Manicheam.
642 3737 837 3801 'l'lreya'remen-
869 3739 923 3787 The
941 3737 1132 3793 Pateriniarera,
1152 3733 1303 3796 apparently,
1324 3732 1357 3795 by
1373 3730 1453 3792 origin

254 3825 376 3888 tioaedln
393 3823 486 3873 several
503 3821 531 3872 ol
546 3822 589 3870 tha
605 3821 646 3870 old
658 3821 769 3877 irritem
789 3819 838 3866 and
870 3823 895 3867 at
912 3819 1011 3875 leuata
1028 3815 1142 3864 different
1160 3823 1228 3865 aecta
1245 3813 1291 3862 but
1309 3813 1360 3862 thia
1381 3827 1453 3862 name

254 3907 298 3956 the
319 3921 391 3955 name
408 3906 507 3954 became
528 3906 556 3952 in
576 3903 671 3952 French
689 3919 703 3952 n
722 3915 837 3951 common
869 3916 919 3950 aaa
941 3898 992 3945 also
1009 3898 1035 3946 in
1052 3898 1095 3946 the
1113 3897 1197 3960 aequal
1213 3896 1285 3960 giren
1303 3900 1330 3945 to
1353 3895 1452 3944 various

254 3993 319 4037 term
337 3988 377 4036 {or
399 4003 414 4036 a
435 3987 538 4037 heretic.
574 3985 650 4034 Huon
673 3985 704 4034 de
725 3981 803 4042 Beati,
822 3997 837 4031 a
869 3985 944 4038 aeots,
958 3977 1006 4026 and
1018 3993 1054 4027 wc
1070 3991 1130 4028 eren
1148 3978 1200 4027 find
1219 3980 1240 4027 it
1257 3979 1356 4046 applied
1371 3983 1398 4026 to
1409 3975 1453 4026 the

255 4069 352 4122 Franolr
362 4071 444 4120 writer
453 4070 481 4120 ol
489 4071 531 4120 tha
539 4068 673 4132 beginning
683 4067 711 4116 ol
720 4066 762 4116 tha
773 4065 834 4115 thir-
868 4061 1024 4112 waldenses.
