3608 4862
395 519 439 580 98
832 533 1021 582 susurrem
1044 532 1166 578 ueras
1415 534 1537 598 [nuens
1550 533 1588 586 11.

400 683 609 752 multiconati
617 696 695 753 sunt
703 697 738 753 et
746 686 951 753 conabuntur
958 683 1191 772 opprimere,et
1200 695 1445 771 sempercontrc
1453 685 1600 752 omnium

400 795 479 852 vcta
489 787 868 875 violenterirrumpam.''
891 789 1004 854 Laetus
1015 787 1189 873 igiturtam
1205 789 1379 855 manifesto
1393 790 1600 876 prognostico

401 899 528 975 patrem
544 892 674 973 deserit,
687 891 772 958 bella
785 890 900 957 vicinis
914 889 1039 971 indicit,
1053 891 1106 955 fur
1127 891 1351 978 argutissimus
1372 904 1407 956 et
1427 893 1601 957 vehemen-

401 993 550 1058 tissimus
574 995 609 1060 in
632 995 751 1062 slicncs
773 996 917 1082 irruptor
938 1015 1039 1079 opes3
1070 995 1309 1080 proecipitenter
1330 995 1371 1060 ed
1393 995 1502 1082 ipsum
1524 1017 1602 1060 con·

400 1097 491 1161 volat
516 1098 623 1162 omnis
649 1099 802 1184 nequitia
826 1119 955 1177 manus,
980 1104 1015 1161 et
1035 1096 1071 1160 in
1094 1097 1186 1162 brevi
1208 1096 1249 1161 ab
1263 1096 1337 1182 ipso
1351 1105 1443 1183 petre
1457 1095 1601 1176 timetur,

402 1199 496 1284 cujus
511 1210 589 1286 post
603 1201 771 1267 decessum
787 1221 901 1266 omnes
916 1206 1069 1284 potenter
1082 1197 1226 1264 obtinuit
1234 1197 1362 1263 Wellias
1376 1198 1458 1264 fines
1466 1197 1502 1262 in
1510 1220 1600 1284 pecc,

403 1312 539 1388 excepta
553 1326 649 1391 quam
664 1305 735 1390 ipse
750 1302 818 1369 suis
841 1300 980 1368 faciebat
1002 1300 1238 1386 persecutione.
1282 1299 1404 1366 Similis
1426 1300 1514 1364 enim
1532 1310 1601 1366 eret

402 1404 580 1471 Alexandri
591 1407 793 1487 Macedonis,
802 1415 836 1470 et
844 1405 992 1470 omnium
1001 1425 1084 1489 quos
1093 1425 1188 1469 avara
1196 1403 1356 1489 cupiditas
1366 1403 1444 1469 fecit
1452 1404 1602 1499 effrenos,

402 1507 522 1594 largus,
531 1510 676 1597 pervigil,
684 1511 832 1597 impiger,
841 1508 956 1587 audax,
965 1508 1100 1588 facetus,
1110 1505 1258 1585 effabilis,
1270 1504 1413 1590 dapsilis,
1422 1505 1600 1592 improbus,

403 1610 560 1694 perfidus,
586 1620 620 1678 et
645 1612 794 1678 crudelis.
841 1611 906 1674 Hic
928 1630 1164 1694 quemcumque
1195 1606 1328 1673 videbat
1347 1609 1503 1694 juvenem
1524 1607 1602 1673 boni

403 1711 562 1798 fortisque
577 1714 726 1800 principii
741 1734 871 1799 quoquo
886 1711 994 1798 ipsum
1009 1719 1066 1775 aut
1079 1709 1293 1776 interficiebat
1303 1710 1379 1776 dolo
1390 1720 1448 1775 aut
1458 1711 1603 1776 membra

405 1813 478 1897 ejus
494 1813 652 1894 debilitet,
674 1837 715 1880 ne
730 1816 799 1881 fieri
813 1814 919 1901 possit
932 1813 967 1879 in
982 1813 1087 1878 virum
1108 1814 1237 1893 fortem,
1260 1812 1311 1877 sui
1332 1835 1458 1878 memor
1479 1813 1604 1893 salutis,

407 1915 463 1999 qui
489 1916 598 1981 subito
626 1919 731 1983 factus
761 1928 812 1983 est
838 1917 986 1983 omnium
1012 1937 1195 2002 supremus,
1221 1914 1344 1995 dicens,
1385 1915 1603 1980 “Neminem

405 2015 529 2100 occido,
546 2020 604 2085 sed
625 2020 773 2086 obtundo
792 2041 912 2086 cornus
927 2019 1065 2099 Walliae,
1086 2041 1128 2084 ne
1149 2018 1279 2104 possint
1298 2019 1415 2084 ludere
1435 2019 1602 2084 matrem.''

407 2118 522 2206 Nepos
532 2122 632 2208 igitur
642 2123 781 2203 Luelini,
792 2123 907 2204 Luarc,
922 2145 998 2188 cum
1012 2131 1100 2186 esset
1112 2120 1208 2186 bonae
1219 2120 1337 2185 indolis
1347 2143 1440 2207 puer,
1451 2142 1604 2208 procerus

405 2230 441 2286 et
455 2224 599 2308 pulcher,
614 2249 747 2312 magnas
761 2227 885 2292 hahens
901 2225 1105 2290 summitates
1120 2233 1155 2289 et
1173 2225 1277 2289 multa
1290 2234 1359 2290 tem
1373 2225 1491 2290 virium
1505 2247 1604 2310 quam

406 2323 565 2391 virtutum
576 2327 707 2413 judicis,
722 2329 918 2415 praesagiens
932 2350 989 2394 rex
1003 2329 1113 2415 ipsum
1129 2349 1281 2414 magnum
1295 2328 1376 2408 fore,
1397 2327 1508 2392 timuit
1531 2327 1604 2407 sibi,

408 2429 466 2492 sed
476 2439 510 2495 et
518 2431 630 2496 multis
640 2432 1087 2518 adulationibusnequsquam
1096 2429 1210 2496 illexit.
1236 2429 1304 2495 Diu
1312 2440 1422 2495 temen
1431 2432 1604 2517 quesitum

406 2528 442 2593 in
465 2539 538 2597 tuto
560 2533 714 2619 repperit,
736 2535 794 2600 ubi
816 2555 918 2621 puero
942 2555 1010 2600 non
1039 2542 1109 2599 erat
1137 2533 1330 2613 timendum,
1358 2534 1477 2619 sitque,
1512 2533 1605 2598 “Dic

407 2632 499 2714 mihi,
513 2635 687 2715 carissime,
704 2659 767 2723 qua
788 2659 842 2703 me
860 2638 985 2703 ratione
999 2635 1083 2702 vitas
1099 2646 1133 2702 et
1153 2635 1249 2721 firgis,
1265 2636 1481 2702 certissimum
1495 2634 1557 2701 tibi
1571 2645 1605 2700 ct

407 2733 474 2798 tuis
499 2737 681 2822 refugium?
703 2739 890 2804 scandalum
915 2740 976 2805 tibi
1001 2749 1035 2805 et
1059 2739 1121 2806 toti
1145 2738 1255 2825 generi
1279 2748 1337 2804 tuo
1362 2739 1452 2820 facis,
1473 2761 1535 2806 nec
1555 2751 1606 2805 est

408 2837 528 2922 aliquid
543 2839 630 2924 quod
644 2837 802 2908 redimere
816 2841 1096 2928 possitinlsmiam
1106 2863 1203 2927 quam
1218 2841 1371 2928 imponis,
1379 2843 1443 2908 nisi
1453 2852 1486 2909 te
1498 2843 1605 2926 nobis,

408 2959 491 3022 quos
510 2941 584 3006 unit
607 2943 749 3028 sanguis,
763 2953 798 3009 et
811 2945 1014 3010 conversatio
1033 2953 1125 3030 grets
1138 2945 1339 3027 conformct3
1366 2947 1455 3032 quod
1477 2946 1506 3010 si
1525 2947 1604 3034 quid

408 3039 506 3105 times
535 3064 745 3130 quoscunque
774 3047 904 3114 duxeris
936 3047 1145 3133 fidejussores
1171 3048 1289 3115 dabo?
1346 3050 1401 3115 Ad
1422 3051 1492 3116 hrec
1513 3073 1606 3137 puer,

407 3142 618 3224 “Hoelum‚''
642 3144 758 3234 inquit,
780 3153 888 3235 “peto
916 3151 1152 3237 fidejussorem,
1173 3174 1271 3238 quem
1293 3154 1446 3220 mandato
1469 3164 1526 3220 tuo
1548 3178 1607 3242 ps·

407 3253 534 3310 rentem
548 3245 583 3312 in
602 3247 713 3316 abdito
739 3261 776 3317 tu
802 3253 960 3321 suffocare
984 3255 1100 3334 fecisti,
1128 3254 1349 3334 liuthericum,
1374 3277 1472 3341 quem
1494 3259 1606 3322 osculo

408 3349 560 3434 amplexu
576 3351 715 3419 sinistrec
730 3356 902 3442 suscepisti
917 3367 951 3422 et
964 3357 1096 3442 cnipulo
1111 3356 1250 3420 sinistroe
1265 3356 1423 3437 occidisti,
1445 3367 1480 3423 et
1499 3361 1607 3426 'Pheo-

407 3449 548 3533 dosium,
571 3477 667 3540 quem
691 3455 751 3522 tibi
774 3459 1034 3526 coambulantem
1054 3467 1088 3523 et
1102 3458 1341 3543 colloquentem
1356 3459 1509 3544 opposito
1524 3461 1607 3547 pede

406 3563 465 3620 tuo
477 3555 544 3620 suis
558 3579 578 3621 a
592 3566 756 3645 praerupto
765 3559 856 3646 rupis
870 3559 1090 3646 precipitasti,
1100 3571 1134 3625 et
1145 3559 1319 3625 Meilinum
1333 3571 1487 3647 nepotem
1502 3572 1607 3644 tuum,

407 3678 505 3741 quem
528 3657 610 3723 clam
636 3658 671 3723 in
697 3659 773 3726 dolo
799 3663 915 3748 cepisti
940 3672 974 3728 et
998 3663 1144 3729 cathenis
1166 3673 1321 3728 onustum
1336 3663 1511 3732 incarcere
1524 3667 1607 3733 mori

406 3760 573 3845 coegisti,”
595 3771 630 3827 et
651 3761 686 3826 in
700 3763 788 3828 hunc
803 3764 938 3830 modum
953 3764 984 3829 ei
1002 3765 1124 3829 multos
1147 3766 1227 3830 elios
1251 3765 1371 3852 objecit
1394 3789 1476 3853 quos
1499 3770 1608 3855 prodi·

407 3862 507 3930 derat.
552 3863 644 3928 Inter
658 3886 756 3951 opera
770 3867 922 3952 nequities
938 3889 1004 3933 suas
1019 3889 1122 3932 unum
1136 3867 1290 3934 nobiliter
1300 3877 1335 3934 et
1343 3869 1482 3936 honeste
1492 3873 1606 3940 fecisse

408 3963 534 4030 dicitur.
577 3967 739 4052 Tempore
762 3989 822 4033 suo
836 3968 983 4034 finitimis
1004 3969 1071 4034 suis
1094 3971 1175 4036 adeo
1190 3971 1296 4056 gravis
1317 3980 1353 4037 et
1372 3974 1529 4058 pestilens
1552 3999 1608 4041 ex·

405 4065 483 4147 citit,
498 4075 538 4132 ut
551 4087 608 4134 rex
622 4067 813 4154 Edwardus,
829 4073 884 4158 qui
899 4082 978 4142 tunc
992 4073 1107 4159 Anglis
1123 4073 1263 4160 prreluit,
1277 4096 1337 4161 pro
1354 4075 1421 4142 suis
1441 4089 1608 4164 cogeretur
