3650 4852
381 499 425 558 36
814 508 1002 556 ouanranr
1025 507 1147 551 uaeas
1411 507 1529 570 [nusae.
1543 507 1566 556 1.

382 677 543 766 percussit
556 676 620 756 hio,
635 676 796 743 vacillavit
816 675 881 754 ille,
896 673 1012 738 cecidit
1026 693 1121 756 papa,
1137 668 1275 734 surrexit
1297 669 1454 755 pontifex,
1481 670 1582 755 scrip·

389 781 495 865 sitque
514 780 623 844 statim
638 781 673 844 iu
688 779 868 843 Dominum
884 777 1044 841 mentiens
1059 775 1094 838 in
1109 773 1254 838 omnium
1277 774 1423 839 brevium
1449 797 1583 838 suorum

384 882 562 968 principiis,
577 904 652 945 nam
668 880 724 945 ubi
740 880 906 945 debuisset
920 876 1017 942 scribi
1032 876 1137 940 bursae
1152 876 1253 960 gratia
1268 877 1332 940 Dei
1354 877 1456 962 gratia
1479 877 1580 941 dixit:

385 1005 585 1071 quacunque
605 983 719 1062 voluit,
730 982 815 1046 fecit.
861 980 912 1044 Sit
923 989 1032 1043 tamen
1042 978 1342 1062 dominamaterque
1353 988 1466 1042 nostra
1477 979 1583 1042 Roma

384 1087 519 1151 baculus
534 1087 569 1151 in
583 1108 667 1172 aqua
688 1085 820 1162 fractus,
840 1092 875 1147 et
898 1080 983 1145 absit
1005 1081 1134 1146 credere
1159 1101 1231 1165 quae
1253 1080 1412 1146 videmus.
1457 1081 1582 1146 Similia

385 1211 463 1254 vero
494 1189 656 1275 praedictis
680 1188 721 1252 de
741 1185 882 1250 dominis
908 1182 1119 1268 templaribus
1143 1181 1226 1246 forte
1250 1183 1446 1248 nunciantur
1467 1184 1581 1262 multa,

390 1313 572 1376 quoeramus
587 1290 627 1355 ab
653 1290 745 1376 ipsis,
770 1298 804 1354 et
819 1288 907 1378 quod
929 1285 1125 1350 audierimus
1151 1284 1330 1349 credamus.
1375 1287 1464 1353 Quid
1484 1295 1582 1372 agant

384 1393 409 1460 J
409 1393 588 1461 erosolimis
604 1393 713 1462 nescio
722 1417 733 1474 3
755 1391 926 1457 nobiscum
943 1389 1020 1456 satis
1035 1389 1224 1452 innocenter
1237 1386 1396 1455 habitant.

688 1629 738 1690 De
752 1625 872 1707 minine
885 1623 1136 1706 hospitalarium.
1179 1618 1267 1684 xxiii.

432 1752 685 1837 Hospitalares*
710 1751 804 1816 bonae
831 1750 1012 1815 devotionis
1038 1749 1179 1813 habuere
1202 1748 1406 1833 principium,
1429 1760 1467 1814 ut
1490 1773 1582 1836 pere·

386 1852 553 1937 grinorum
567 1853 763 1917 redimerent
783 1853 1003 1937 impotentias.
1047 1851 1171 1916 initiati
1186 1860 1264 1914 sunt
1285 1851 1469 1933 humiliter3
1492 1855 1583 1920 vide·

385 1955 481 2020 batur
503 1955 619 2019 domus
646 1976 757 2020 eorum
784 1955 920 2038 speciale
947 1953 1087 2018 mritatis
1112 1951 1350 2032 habitaculum3
1384 1963 1582 2039 spontaneos

386 2058 603 2124 admittebant
627 2051 784 2143 hospites,
807 2068 841 2122 et
862 2060 957 2143 juxta
983 2057 1162 2121 doctrinam
1185 2054 1416 2139 discipulorum
1445 2059 1582 2122 Domini

385 2171 591 2227 transeuntes
616 2183 729 2246 cogere
749 2164 938 2246 satagebant
951 2161 985 2224 in
1008 2160 1199 2244 hospitium,
1215 2155 1363 2243 deposito
1379 2157 1436 2221 diu
1450 2157 1580 2240 fidelcs3

384 2285 461 2327 nam
476 2263 621 2348 ipsorum
636 2262 758 2326 illibata
772 2282 925 2327 crumena
938 2263 1058 2346 largam
1073 2262 1119 2326 eis
1135 2262 1176 2325 de
1190 2260 1321 2345 proprio
1343 2260 1503 2326 faciebant
1526 2283 1582 2326 ex-

383 2363 588 2444 hibitionem,
602 2364 746 2449 nihilque
762 2363 871 2428 deerat
884 2364 1086 2427 infirmorum
1101 2361 1277 2440 desideriis,
1293 2364 1381 2448 quod
1392 2363 1457 2427 ulla
1471 2374 1583 2449 posset

385 2464 519 2549 adipisci
532 2466 697 2545 sedulitas,
707 2465 946 2553 qualescunque
956 2475 1058 2530 totam
1069 2465 1163 2549 plene
1175 2463 1390 2529 restituebant
1400 2466 1582 2548 pecuniam.

387 2567 461 2632 Hac
474 2568 559 2632 lama
574 2570 767 2653 patrimonia
782 2590 840 2632 sua
859 2566 954 2631 multi
977 2566 1151 2650 multaque
1175 2564 1457 2646 conferebamus,
1484 2589 1582 2652 seque

384 2667 753 2754 plurimimanoipabant
761 2669 807 2733 ibi
817 2668 936 2733 servire
946 2667 1107 2732 debilibus
1119 2677 1152 2732 et
1162 2666 1309 2731 infirmis.
1343 2667 1441 2732 Unde
1450 2669 1581 2753 quidam

383 2771 434 2834 vir
448 2770 566 2835 nobilis
581 2771 628 2835 ibi
641 2771 823 2836 ministrare
845 2779 989 2848 venerat,
1012 2769 1188 2834 ministrari
1212 2771 1339 2849 solitus,
1365 2792 1438 2835 cum
1454 2771 1581 2836 cuidam

384 2873 523 2956 turpiter
537 2873 720 2936 exulcerato
733 2872 855 2937 levaret
868 2870 997 2936 infirmo
1021 2872 1131 2958 pedes,
1157 2873 1198 2936 ad
1222 2872 1401 2937 foeditatem
1421 2894 1581 2938 nauseans

385 2973 491 3059 ipsam
506 2973 594 3038 unde
613 2974 735 3038 laverat
756 2995 812 3039 eos
837 2995 951 3058 aquam
966 2974 1091 3059 inpiger
1105 2974 1224 3053 hausit,
1239 2985 1277 3038 ut
1291 2976 1413 3040 viscera
1435 2997 1494 3040 sua
1511 2977 1583 3040 vin-

386 3084 473 3142 ceret
488 3098 671 3140 assuescere
683 3099 755 3160 quse
770 3073 955 3140 horrebant.
980 3077 1039 3140 Hii
1048 3075 1216 3156 canebant,
1228 3077 1262 3140 in
1274 3100 1350 3142 aura
1361 3077 1424 3142 levi
1436 3077 1583 3158 Domini,

386 3185 420 3241 et
434 3186 473 3240 ut
486 3178 533 3240 eis
548 3179 649 3244 crevit
662 3201 704 3244 ex
717 3179 842 3264 adeptis
858 3199 1008 3264 perversa
1021 3180 1179 3244 virtutum
1193 3200 1332 3244 noverea
1346 3178 1516 3263 cupiditas,
1540 3201 1583 3244 en

385 3288 504 3344 ventus
519 3289 628 3364 petras
643 3289 824 3360 conterens,
834 3290 1048 3362 terraemotus,
1060 3292 1093 3347 et
1103 3283 1197 3368 ignis.
1221 3282 1263 3345 In
1272 3281 1358 3345 illius
1368 3281 1451 3365 ignis
1463 3281 1583 3346 virtute

387 3381 555 3448 dominum
577 3404 696 3469 papam
727 3403 887 3466 suumque
911 3395 1060 3448 senatum
1082 3385 1206 3448 ratione
1230 3382 1327 3447 ennae
1349 3382 1524 3468 petierunt,
1550 3391 1585 3447 et

418 3583 435 3620 *
446 3585 501 3635 The
512 3585 621 3648 Kulghts
628 3585 784 3649 Hospitalers
791 3600 853 3633 were
860 3583 969 3633 founded
1002 3585 1030 3634 ol
1039 3583 1306 3649 GodlreyofBologna.
1340 3584 1510 3647 Raymundde
1519 3583 1582 3648 Pup,

385 3673 411 3717 at
421 3666 464 3716 the
474 3667 608 3730 beginning
616 3667 645 3715 ol
654 3667 697 3715 the
706 3665 845 3722 erasum
862 3665 904 3714 the
913 3666 969 3714 date
1002 3667 1055 3716 said
1065 3671 1092 3714 to
1100 3667 1162 3716 hare
1173 3665 1306 3716 mcoeeded
1322 3666 1383 3723 him,
1403 3680 1451 3714 was
1470 3666 1513 3713 the
1532 3665 1584 3714 real

386 3749 459 3810 giren
470 3748 504 3811 by
514 3763 582 3797 rome
593 3749 615 3796 is
628 3749 756 3810 losa-by
764 3749 856 3804 others,
864 3747 968 3810 perhaps
1001 3747 1106 3796 founder
1116 3747 1145 3796 ol
1152 3748 1195 3797 the
1205 3747 1291 3796 order:
1310 3749 1331 3796 it
1342 3762 1389 3796 was
1406 3747 1438 3795 he
1449 3745 1504 3794 who
1517 3745 1583 3794 drew

386 3830 688 3892 moreaecurately,1099.
708 3827 783 3877 Their
789 3825 844 3876 first
850 3828 970 3889 guardien
1002 3844 1036 3892 up
1047 3828 1112 3877 their
1124 3833 1236 3887 statutor,
1248 3827 1296 3876 and
1307 3827 1422 3876 obtained
1434 3827 1476 3875 the
1493 3827 1585 3889 Pope'r

387 3909 593 3973 inpretendedto
609 3910 671 3959 hare
690 3910 753 3960 been
772 3924 820 3958 one
840 3907 968 3968 Girardur,
1001 3909 1055 3957 boll
1065 3910 1145 3959 which
1156 3910 1343 3974 aeknowledged
1355 3910 1432 3958 them.
1467 3909 1519 3957 'I'he
1537 3908 1585 3957 ho-

386 3991 442 4039 who
453 3989 502 4038 had
512 3991 607 4039 formed
616 4006 631 4039 a
641 3991 735 4055 society
745 3996 772 4040 at
785 3991 922 4040 Jerusalem
931 3990 970 4039 lor
1001 3991 1116 4054 spitalers
1126 3993 1181 4042 first
1191 3990 1241 4042 had
1259 4008 1274 4041 a
1290 3992 1369 4041 house
1386 3992 1413 4040 in
1432 3989 1537 4042 Londou
1556 3990 1585 4040 in

388 4073 431 4125 the
442 4070 544 4120 defense
555 4071 583 4120 ol
600 4071 712 4135 pilgrimo
729 4071 812 4122 belone
829 4071 969 4120 theatrisui
1003 4075 1074 4123 lloo.
