3610 4852
274 533 401 598 enarra]
643 534 689 578 na
715 533 825 578 uuars
849 531 1074 578 erraraurun.
1402 514 1462 588 177

256 687 415 750 excedens
425 687 596 770 magistro
604 687 697 752 novis
706 695 740 751 et
749 685 920 772 praecipuis
929 683 1459 769 inventionibus,plusoperabatur

255 789 381 854 unadie
396 813 493 876 quam
508 791 623 878 aliquis
638 791 720 855 alius
737 790 876 869 duobus,
891 789 973 854 etin
989 787 1124 874 singulis
1139 799 1207 852 erat
1219 811 1278 852 sua
1292 787 1457 853 festinatio

254 892 372 958 lautior
386 916 483 978 quam
500 895 607 959 studia
629 894 866 980 magistrorum.
908 893 989 958 Viso
1011 893 1099 957 enim
1122 891 1238 978 quovis
1258 892 1340 978 pede
1357 892 1457 971 nudo,

252 995 389 1081 gibboso
413 998 464 1062 vel
491 1008 591 1077 recto,
614 999 819 1084 aptissimum
846 995 876 1061 ei
911 996 1021 1060 statim
1042 994 1198 1060 induebat
1219 995 1373 1073 calceum,
1395 1015 1457 1060 nec

253 1099 347 1163 alicui
373 1099 568 1185 operabatur
591 1101 663 1164 viso
692 1099 756 1164 nisi
780 1100 874 1185 pede,
900 1099 987 1164 unde
1011 1098 1176 1163 nobilibus
1199 1109 1351 1182 acceptus
1373 1097 1455 1162 nulli

253 1223 433 1288 pauperum
447 1224 559 1268 vacare
581 1205 697 1288 potuit.
743 1203 783 1267 ln
799 1203 952 1267 omnibus
967 1202 1064 1266 etiam
1080 1222 1184 1266 arenae
1199 1200 1402 1286 spectaculis,
1417 1211 1456 1266 ut

253 1305 287 1368 in
298 1304 440 1390 jactibus
460 1313 495 1369 et
516 1305 666 1391 palaestra
693 1304 853 1390 similique
870 1304 987 1368 virium
1014 1304 1224 1389 experientia,
1248 1304 1372 1390 palmas
1387 1303 1455 1366 adi·

253 1410 334 1494 pisci
359 1410 484 1488 solitus,
500 1409 698 1474 admirabilis
715 1409 811 1493 longe
826 1407 954 1494 lateque
969 1407 1212 1493 predicabatur.
1259 1408 1336 1472 Una
1356 1407 1454 1491 igitur

253 1513 388 1592 dierum,
414 1513 505 1598 virgo
528 1511 744 1598 pulcherrima
769 1533 843 1576 cum
867 1512 1008 1577 maximo
1032 1513 1188 1576 comitatu
1213 1511 1255 1576 ad
1279 1513 1453 1575 fenestram

252 1615 397 1692 veniens,
412 1613 529 1700 pedem
543 1613 688 1678 ostendit
699 1613 834 1691 nudum,
850 1623 888 1676 ut
902 1617 942 1678 ab
958 1615 1030 1700 ipso
1045 1615 1240 1680 calciaretur.
1285 1613 1346 1678 Ille
1355 1613 1454 1680 miser

251 1719 354 1782 visam
369 1717 514 1782 intuebar
537 1717 694 1803 argrrtius,
717 1725 752 1781 et
772 1716 865 1782 factis
880 1717 1137 1804 venundatisque
1161 1718 1274 1783 calceis
1293 1717 1409 1802 incipit
1433 1738 1453 1780 a

251 1822 345 1906 pede,
360 1830 527 1907 totamque
542 1821 658 1906 recipit
671 1821 706 1884 in
722 1840 788 1898 cor,
802 1818 967 1906 ebibitque
983 1821 1189 1907 pestilentem
1206 1821 1362 1886 malitiam
1388 1841 1452 1906 qua

251 1934 340 1989 totus
363 1925 498 2010 deperit.
544 1924 679 2009 Regales
700 1923 826 2010 appetit
851 1945 963 1988 servus
988 1925 1131 2003 delicias,
1145 1947 1205 1989 nec
1220 1923 1349 2010 attingit
1363 1924 1451 1988 unde

251 2028 328 2114 quid
349 2036 467 2113 speret.
512 2027 719 2113 Supellectile
741 2037 851 2091 tamen
875 2025 1010 2111 abjecta,
1036 2027 1232 2112 patrimonio
1251 2027 1396 2105 vendito,
1412 2027 1451 2091 fit

250 2131 353 2210 miles,
368 2141 406 2194 ut
420 2130 495 2194 licet
506 2151 577 2194 sero
588 2129 711 2194 vilitate
732 2129 927 2194 conditionis
947 2139 1073 2194 munta
1086 2151 1162 2194 cum
1177 2138 1265 2194 statu
1281 2129 1449 2206 nobilium,

249 2233 363 2298 saltem
377 2232 481 2296 leviu
490 2233 602 2318 repelli
617 2242 786 2298 mereatur.
821 2233 1012 2317 Priusquam
1028 2232 1176 2297 dilectam
1192 2233 1351 2317 appellare
1367 2252 1451 2316 praa·

250 2347 367 2416 sumat,
390 2359 487 2422 quam
503 2334 565 2399 sibi
579 2345 791 2422 usurpaverat
805 2335 952 2399 militiam
968 2335 1081 2399 acerbe
1107 2335 1262 2420 sequitur,
1281 2345 1315 2400 et
1329 2335 1449 2400 exerci-

247 2441 369 2507 tatione
384 2441 545 2525 frequenti
557 2460 709 2504 successu
724 2439 842 2504 comite
856 2439 895 2502 fit
917 2439 1157 2524 comparatione
1179 2439 1329 2518 aulicum,
1345 2438 1449 2524 qualis

248 2545 353 2609 fuerat
378 2541 543 2607 sutoribus
569 2551 711 2628 optatus.
756 2543 908 2605 Attentat
930 2541 1037 2626 igitur,
1053 2564 1088 2606 se
1112 2541 1246 2626 dignum
1264 2541 1449 2627 judicauss

246 2656 338 2732 patre
347 2645 462 2730 puellae
467 2670 476 2726 3
493 2644 626 2730 petitam
637 2666 702 2708 non
713 2644 854 2729 optinet3
865 2644 1044 2709 exardescit
1053 2644 1087 2708 iu
1097 2643 1161 2708 iras
1170 2644 1296 2720 nimias,
1307 2654 1341 2708 et
1350 2666 1448 2730 quam

248 2748 309 2812 sibi
332 2747 458 2834 generis
485 2745 624 2831 abjectio
649 2747 910 2831 praediorumque
935 2746 1081 2810 delectus
1103 2745 1245 2830 negavit,
1257 2755 1447 2831 extorquere

245 2849 441 2928 desiderans,
452 2849 568 2933 juncto
595 2846 657 2912 sibi
683 2869 800 2932 magno
825 2847 1000 2932 piratarum
1024 2847 1162 2932 agmine,
1178 2846 1319 2912 maximo
1334 2847 1445 2933 praelio

245 2963 338 3038 parat
361 2951 473 3016 ulcisci
498 2950 662 3036 repulsam
688 2960 792 3029 terras,
806 2951 894 3015 unde
914 2951 1036 3016 lactum
1061 2959 1170 3015 estut
1195 2962 1280 3016 terra
1301 2952 1445 3038 marique

245 3057 409 3133 timemur,
424 3075 520 3138 quern
530 3075 690 3138 nusquam
707 3067 877 3118 smcessus
893 3055 1057 3119 deserunt.
1102 3055 1192 3118 Dum
1208 3075 1283 3139 ergo
1299 3055 1445 3140 proficis-

245 3159 327 3224 citur
341 3159 509 3238 instanter,
519 3167 553 3222 et
577 3177 705 3243 semper
728 3157 866 3242 proficit,
880 3178 975 3221 veros
999 3157 1090 3223 audit
1112 3157 1226 3222 mortis
1248 3159 1360 3222 amicae
1376 3181 1443 3223 suaa

243 3282 401 3340 rumores,
416 3261 471 3347 qui
495 3261 571 3326 licet
593 3260 815 3346 lachrymosas
838 3261 979 3345 acceptis
1004 3260 1207 3338 induciis,ad
1221 3261 1356 3345 exequie
1370 3283 1446 3348 pro·

242 3375 334 3451 perat
359 3374 393 3430 et
417 3364 488 3428 visa
513 3364 728 3428 tumulatione
764 3364 899 3448 locoque
925 3372 1038 3428 notato
1061 3374 1157 3428 nocta
1184 3363 1331 3448 proxima
1355 3364 1444 3430 solus

243 3468 357 3533 effodit
371 3467 546 3546 tumulum,
567 3476 601 3531 et
623 3467 663 3530 ad
688 3476 850 3531 mortuam
872 3465 965 3551 quasi
979 3466 1020 3529 ad
1035 3466 1142 3530 vivam
1158 3465 1355 3548 ingreditur3
1378 3489 1443 3551 quo

243 3572 360 3636 scelere
375 3580 517 3654 peracto,
532 3591 573 3634 ex
588 3579 716 3634 mortua
731 3590 901 3654 resurgens
917 3569 1008 3633 audit
1022 3579 1060 3633 ut
1074 3577 1220 3653 tempore
1241 3577 1351 3652 partus
1366 3569 1443 3636 illuc

241 3684 429 3751 revertatur,
452 3672 616 3737 delaturus
643 3672 718 3735 inde
741 3672 827 3756 quod
853 3681 1017 3756 genuerat.
1068 3672 1163 3734 Paret
1189 3671 1323 3750 auditui,
1350 3685 1444 3736 nacta

241 3775 458 3862 competentia
469 3774 648 3853 revertitur,
664 3763 706 3838 et'
714 3775 833 3839 effosso
848 3774 975 3838 tumulo
991 3783 1089 3859 caput
1103 3773 1279 3836 humanum
1295 3774 1444 3860 recipite

241 3891 378 3956 mortua,
403 3878 464 3943 sub
482 3879 654 3944 interdicto
683 3900 725 3943 ne
751 3876 899 3942 videatur
926 3877 990 3942 nisi
1010 3877 1051 3943 ab
1077 3876 1226 3942 hostibus
1255 3877 1440 3943 interimen-

284 4003 397 4047 crun.
414 4003 487 4048 soc.
1202 3985 1268 4046 2a
