3608 4862
219 583 282 650 cap.
293 583 334 646 u]
597 579 645 625 na
661 581 773 628 uuors
789 581 1015 630 coarsurou.
1341 561 1404 626 111

202 759 245 802 an
321 736 387 799 'asa
401 733 465 798 hoc
481 732 582 798 semel
590 733 653 799 erit
662 743 719 799 aut
729 733 779 800 bis
789 743 962 820 antequam
970 735 1092 814 redeat,
1103 741 1137 800 et
1145 727 1223 821 quid
1234 735 1322 819 quod
1331 755 1404 820 pera

205 839 366 907 severabit
375 847 409 904 et
418 836 506 924 quod
517 835 641 902 amabit
651 847 685 903 et
696 838 783 922 quod
794 837 976 904 amabitur?
999 837 1408 924 Noncredo,nonopinor,

206 953 294 1010 certa
308 948 425 1008 sumet
436 939 506 1005 sine
521 937 632 1020 dubio,
643 941 731 1026 quod
741 961 812 1006 eam
821 940 875 1005 illa
887 942 956 1027 jam
967 963 1043 1006 narn
1058 951 1093 1006 et
1106 964 1159 1006 me
1168 940 1291 1005 dudum
1302 941 1330 1004 si
1341 961 1409 1006 non

205 1057 293 1113 esset
309 1045 426 1131 capitis
453 1043 518 1108 mei
543 1043 755 1110 consecratio.
800 1043 837 1110 Si
856 1065 923 1108 non
945 1043 1044 1109 etiem
1059 1065 1190 1130 sponsa,
1205 1044 1264 1109 sed
1278 1053 1313 1110 et
1325 1042 1407 1108 fides

206 1172 281 1216 eum
296 1148 440 1214 tenebat.
484 1147 574 1214 Quid
595 1147 649 1212 hie
666 1147 826 1234 impedit?
865 1146 956 1214 Quid
969 1147 1087 1212 horum
1101 1147 1174 1213 hic?
1205 1146 1303 1213 Certe
1317 1147 1408 1227 nihil,

206 1263 241 1320 et
251 1263 338 1320 certe
351 1253 474 1317 facturn
489 1260 551 1315 est.
594 1250 629 1315 N
630 1272 672 1315 on
688 1260 739 1316 est
754 1251 879 1316 dictum
894 1250 1005 1314 omnia
1018 1260 1136 1335 praeter
1149 1251 1223 1334 hoc,
1239 1251 1298 1317 sed
1312 1273 1409 1338 super

207 1354 591 1422 omniafactumesthoc.
626 1354 735 1421 Quam
745 1353 830 1435 lata,
840 1375 937 1439 quam
953 1353 1098 1419 celeriter
1107 1355 1170 1419 hoc
1181 1354 1290 1441 rapuit
1299 1354 1340 1420 ab
1352 1375 1408 1420 ore

207 1479 282 1524 meo
297 1458 465 1537 nuncium,
479 1479 577 1542 quarn
592 1456 662 1522 sine
677 1457 875 1542 quaestione!
891 1477 966 1521 vere
978 1457 1069 1542 pigra
1079 1479 1146 1522 non
1157 1457 1231 1538 fuit,
1242 1481 1309 1524 non
1321 1458 1409 1523 timi·

207 1561 260 1642 da,
281 1583 350 1628 non
364 1563 399 1626 in
413 1559 465 1626 via
479 1559 542 1625 luit
555 1581 662 1639 ursus,
676 1583 745 1626 non
767 1561 802 1626 in
828 1559 944 1647 plateis
965 1560 1029 1640 leo,
1051 1581 1125 1626 cum
1140 1562 1229 1627 exiit.
1273 1563 1320 1626 At
1340 1563 1410 1647 jam

206 1687 297 1731 nunc
322 1665 392 1730 dies
415 1671 477 1728 est.
542 1663 575 1727 0
601 1685 699 1749 quam
728 1664 823 1730 velox
848 1665 883 1728 in
904 1664 964 1741 itu,
987 1687 1084 1751 quam
1107 1685 1229 1746 secura,
1255 1688 1352 1752 quam
1373 1666 1408 1729 in

207 1767 338 1834 redditu
351 1765 452 1844 tarda,
467 1786 564 1850 quam
586 1765 716 1831 timens.
761 1766 861 1832 Nunc
881 1788 977 1832 ursus
1002 1768 1037 1833 in
1060 1768 1123 1847 via,
1142 1791 1231 1834 nunc
1247 1769 1279 1833 in
1294 1769 1410 1855 plateis

208 1871 274 1936 leo.
298 1867 364 1934 Sed
378 1865 420 1931 ab
435 1867 491 1931 illo
505 1866 649 1932 violento
665 1867 828 1934 detinetur
838 1877 877 1932 ut
891 1891 963 1934 eam
978 1869 1040 1934 sibi
1054 1881 1236 1957 perpetuet.
1265 1872 1297 1936 Ο
1313 1893 1411 1958 quam

209 1995 279 2039 nou
299 1969 402 2036 invite
425 1968 613 2034 violentiam
637 1969 780 2054 patitur!
826 1971 915 2039 Quid
941 1981 1050 2037 autam
1080 1977 1218 2058 queror?
1241 1995 1338 2059 quem
1359 1974 1411 2040 vel

210 2097 308 2162 quam
314 2074 402 2160 juste
413 2072 537 2138 causari
548 2075 703 2157 possum?
727 2094 787 2158 ego
802 2073 883 2139 mihi
897 2075 995 2154 fraus,
1007 2097 1066 2160 ego
1082 2077 1250 2160 proditrix,
1262 2098 1321 2162 ego
1331 2077 1412 2142 mihi

209 2179 345 2264 laqueus
359 2177 539 2242 factesum.
584 2176 646 2240 llla
667 2185 754 2241 certe
776 2198 843 2242 non
866 2187 955 2257 eret3
978 2200 1044 2242 non
1069 2179 1146 2244 fecit
1159 2179 1223 2244 nisi
1238 2180 1326 2265 quod
1340 2203 1410 2266 ego,

211 2282 275 2346 nisi
289 2281 378 2367 quod
392 2280 509 2346 omnis.
554 2279 619 2345 Sed
635 2281 783 2366 nunquid
805 2302 901 2346 verus
924 2293 975 2346 est
997 2280 1135 2348 Sadius?
1159 2305 1236 2363 non,
1251 2305 1338 2348 non:
1362 2285 1411 2348 ni·

210 2384 258 2448 hil
272 2392 335 2449 est.
379 2381 593 2446 Manifestum
608 2391 659 2446 est
673 2383 761 2467 quod
775 2392 896 2468 potest,
906 2384 1018 2469 quiesi
1029 2406 1096 2448 non
1108 2395 1221 2470 posset
1235 2384 1290 2450 illa
1303 2387 1411 2452 renis·

212 2496 274 2552 set.
318 2485 440 2549 Omnia
454 2484 540 2549 bona
555 2485 646 2570 signa
661 2485 767 2570 palam
783 2493 870 2565 sunt,
891 2487 960 2571 jam
982 2487 1068 2552 enim
1084 2487 1216 2553 densior
1234 2487 1337 2552 dulcis
1359 2489 1414 2554 illa

212 2589 371 2655 malarum
385 2589 500 2674 incipit
513 2610 585 2654 esse
599 2589 737 2674 lanugor
766 2589 847 2654 nihil
859 2591 892 2654 in
908 2611 947 2656 eo
959 2591 1049 2677 justo
1065 2590 1217 2677 pinguius
1226 2617 1236 2672 3
1258 2593 1366 2657 nullus
1378 2592 1413 2656 in

212 2693 316 2760 oculis
339 2694 430 2773 livor,
445 2693 480 2758 in
495 2693 592 2758 corde
608 2693 696 2757 nulla
721 2693 888 2758 timiditas.
933 2694 1095 2780 Nunquid
1109 2705 1223 2780 posset
1236 2694 1414 2762 affamina

212 2807 269 2862 tus
294 2806 345 2862 tot
365 2817 527 2861 armorum
542 2805 711 2882 penetrare
737 2817 868 2873 cuneos,
883 2797 1092 2881 pessumdare
1117 2799 1230 2864 laudes
1256 2800 1414 2882 omnium,

213 2900 378 2987 propriam
394 2899 541 2965 attollere
566 2899 702 2985 gloriam
722 2899 757 2963 in
778 2908 886 2965 tantas
908 2901 1042 2965 laudum
1057 2901 1188 2987 apices?
1233 2903 1319 2969 Vera
1341 2925 1414 2968 sum

213 3003 301 3090 quod
316 3001 416 3066 falsus
431 3015 483 3067 est
497 3001 625 3068 Sadius.
669 3001 736 3066 Sed
750 3001 805 3067 illa
827 3024 923 3088 quam
938 3003 972 3067 in
992 3013 1070 3069 rota
1085 3027 1157 3070 mee
1170 3015 1239 3070 tarn
1254 3007 1415 3092 eleganter

214 3104 345 3191 impegi,
361 3125 433 3188 quae
455 3103 489 3168 in
506 3125 544 3169 eo
561 3104 630 3188 jam
651 3103 816 3188 gloriatur,
831 3129 903 3192 quoe
926 3129 978 3172 me
1001 3130 1076 3173 cum
1092 3109 1166 3194 ipso
1188 3111 1331 3196 negligit,
1345 3131 1417 3198 quae

212 3231 281 3275 non
290 3207 573 3293 mihiproperarit,
589 3229 661 3292 quae
676 3229 743 3273 non
755 3209 835 3274 mihi
849 3210 968 3296 paruit,
983 3219 1050 3275 tam
1064 3213 1152 3277 ultro
1167 3236 1264 3299 quam
1280 3214 1342 3279 sibi
1357 3237 1416 3280 vo-

214 3310 396 3396 luntatique
411 3331 479 3374 sure
489 3309 670 3375 voluntarie
684 3310 757 3390 fuit,
771 3311 825 3376 illa
840 3321 927 3377 certe
941 3335 1030 3379 meas
1045 3313 1119 3378 loeta
1133 3314 1210 3379 tulit
1219 3315 1368 3380 delicias:
1384 3328 1418 3381 et

213 3415 292 3501 quid
303 3413 384 3478 mihi
398 3411 582 3491 dicendum,
597 3412 661 3476 nisi
675 3414 763 3498 quod
778 3415 885 3479 omnis
896 3438 1009 3480 amana
1029 3420 1163 3482 amens?
1209 3417 1274 3482 Sed
1289 3419 1417 3483 audiam

213 3519 355 3604 quando,
361 3516 536 3602 quomodo,
546 3515 574 3580 si
583 3516 715 3600 culta,fsi
728 3529 869 3603 compta,
876 3519 904 3582 si
915 3517 1232 3585 redimitarecessit.''
1248 3521 1418 3586 Etrocans

214 3621 336 3688 sociam
351 3621 421 3706 ejus
437 3641 533 3705 quam
548 3619 751 3705 loquebatur,
773 3626 795 3660 “
809 3623 913 3701 Heus,
925 3622 997 3700 Lei,
1008 3623 1138 3706 quando
1149 3623 1283 3688 recessit
1295 3624 1384 3689 Ero?
1397 3625 1418 3658 ''

212 3725 300 3790 Tum
310 3721 375 3801 illa,
391 3725 412 3760 ‘⁴
418 3721 516 3786 Nunc
524 3722 559 3785 in
569 3721 676 3806 primo
685 3722 889 3807 gallicantu.''
908 3724 1041 3809 Regina,
1056 3725 1169 3792 “Quae
1180 3726 1279 3790 missa
1288 3747 1422 3811 crepus-

213 3825 321 3892 culo.''
346 3824 434 3904 Lais,
449 3828 472 3864 “
482 3823 654 3889 Cadium.''
684 3827 817 3912 Regina,
832 3831 855 3864 “
867 3826 975 3893 Quare
987 3837 1055 3891 tam
1067 3829 1171 3894 sero.”
1206 3829 1294 3908 Lais,
1306 3833 1326 3866 ‘⁶
1339 3829 1419 3896 Sero

213 3929 325 4008 misse,
341 3949 413 3993 sero
428 3927 577 3994 redibit''
622 3930 757 4015 Regina,
772 3931 946 3996 “Causam
960 3941 1106 3997 nostram
1121 3942 1156 3998 et
1170 3956 1227 3999 eur
1242 3933 1286 3998 sit
1300 3937 1419 4002 emissa

213 4032 359 4098 nosti?''
404 4032 492 4111 Lais,
522 4035 544 4070 “
553 4033 641 4112 Non,
666 4033 723 4098 sed
748 4034 815 4098 scio
839 4035 927 4120 quod
952 4057 1027 4100 cum
1054 4037 1144 4101 omni
1159 4037 1369 4104 festinatione
1385 4058 1421 4104 se

213 4133 409 4226 praeparavit
423 4144 457 4202 et
472 4135 604 4220 opipare
618 4137 736 4203 festiva
752 4159 887 4224 seroque
903 4140 1069 4222 recessit?
1115 4141 1251 4228 Regina,
1267 4146 1288 4182 “
1299 4143 1425 4208 Dolens
