3608 4862
395 543 456 600 154
829 553 1018 599 cunarum
1036 553 1156 597 uanus
1399 553 1519 617 [nume.
1534 554 1579 604 tv.

391 734 492 789 tatem
518 723 687 802 inducunt,
703 732 736 786 et
757 731 849 786 tuam
882 723 1006 787 iaciunt
1029 732 1069 787 ut
1094 721 1218 790 dudum
1233 721 1432 787 caecutientis
1459 720 1595 786 Maeonii

393 826 615 911 suaviloquam
640 835 850 890 senectutem.
896 825 970 889 Jam
995 847 1061 890 non
1084 825 1247 908 corporeis
1268 824 1381 903 oculis,
1396 826 1453 890 sed
1477 824 1595 910 quibus

392 930 495 1014 angeli
521 927 701 994 Dominum
717 927 829 992 vident
851 927 960 1013 ipsum
983 938 1017 992 et
1042 950 1100 992 sua
1123 927 1233 992 videas
1255 937 1289 991 et
1304 927 1543 1012 contempleris,
1558 937 1596 991 ut
1637 973 1640 980 ,

391 1051 450 1114 per
471 1031 529 1094 has
545 1029 694 1095 tenebras
716 1039 749 1093 te
770 1029 926 1115 perducat
948 1029 982 1092 in
1000 1029 1187 1093 admirabile
1201 1029 1310 1092 lumen
1327 1050 1434 1106 suum,
1449 1029 1506 1113 qui
1521 1051 1594 1092 oum

392 1133 466 1198 Deo
483 1135 576 1198 Patre
592 1141 625 1197 et
640 1133 722 1198 Filio
736 1141 769 1197 et
778 1131 903 1216 Spiritu
914 1131 1034 1196 Sancto
1043 1132 1125 1196 vivit
1139 1142 1173 1196 et
1184 1141 1297 1216 regnat
1313 1130 1403 1195 Deus
1412 1153 1471 1216 per
1485 1131 1595 1196 omnia

395 1238 503 1302 secula
518 1237 710 1302 seculorum.
751 1237 870 1300 Amen.

437 1341 513 1406 Jam
527 1340 689 1425 incipiunt
713 1349 841 1424 torpere
861 1337 974 1417 lividi;
997 1338 1217 1403 meminerunt
1238 1338 1369 1424 quidem
1394 1338 1472 1422 quid
1495 1337 1595 1422 scrip-

394 1442 481 1520 serit,
506 1442 701 1526 resipiscunt
716 1451 750 1505 et
770 1440 931 1527 poenitent
954 1441 1043 1525 digni
1067 1455 1152 1506 certe
1176 1441 1281 1527 poenis
1305 1439 1515 1526 Empedoclis
1544 1440 1594 1506 vel

392 1545 541 1610 Eudonis
557 1545 757 1629 poenitentia.
803 1543 887 1610 Quis
914 1544 1130 1628 Empedocles
1145 1545 1197 1609 vel
1222 1566 1286 1629 qua
1309 1565 1406 1628 poena
1420 1543 1595 1610 decesserit

391 1647 494 1732 liquet
508 1647 542 1711 in
557 1646 761 1711 auctoribus:
785 1647 842 1711 sed
858 1646 886 1710 si
900 1646 1006 1730 placet
1021 1645 1192 1710 Eudonem
1208 1645 1387 1710 audiamus.

635 1949 685 2011 De
700 1947 830 2012 Eudone
838 1967 938 2030 puero
952 1967 974 2009 a
989 1947 1122 2010 wuronc
1136 1947 1270 2030 decepto.
1315 1945 1358 2009 vi.

438 2168 536 2234 Miles
563 2171 694 2255 quidam
716 2171 829 2235 erbis
856 2170 911 2256 qui
937 2168 1090 2235 dominici
1114 2169 1265 2234 dicuntur
1278 2168 1313 2233 in
1338 2169 1482 2244 Francia,
1500 2168 1592 2234 baro-

391 2293 449 2336 nes
475 2273 507 2336 in
533 2273 660 2358 Anglia‚
681 2275 784 2339 filium
807 2274 939 2338 unicum
955 2274 1128 2337 Eudonem
1148 2272 1310 2337 haeredem
1325 2271 1454 2358 reliquit
1468 2271 1593 2337 divitia-

390 2395 463 2437 rum
484 2396 672 2458 magnarum
686 2374 720 2438 in
736 2376 875 2440 castellis
891 2384 925 2439 et
939 2374 1018 2438 vicis
1034 2384 1068 2439 et
1081 2374 1261 2439 redditibus
1285 2374 1438 2460 copiosis,
1456 2395 1590 2460 puerum

390 2499 558 2562 procerum
574 2489 608 2542 et
621 2480 805 2564 pulchrum,
817 2479 874 2543 sed
885 2479 1038 2564 ignavum
1049 2488 1083 2544 et
1094 2479 1260 2558 stolidum,
1269 2479 1441 2564 magnique
1449 2479 1591 2563 prodito-

391 2601 460 2644 rem
489 2581 686 2666 patrimonii.
732 2582 816 2646 Cum
841 2602 916 2666 ergo
942 2580 1061 2643 stultus
1086 2589 1118 2642 et
1143 2579 1236 2664 copia
1257 2603 1324 2644 non
1350 2591 1590 2657 consenescant,

389 2682 493 2748 factus
508 2684 607 2748 estin
623 2684 765 2748 derisum
793 2684 890 2748 Eudo
916 2683 1042 2761 vicinis,
1056 2693 1090 2746 et
1112 2683 1283 2747 haereditas
1298 2684 1367 2768 ejus
1383 2682 1446 2747 illis
1462 2684 1496 2747 in
1511 2705 1590 2769 proe·

392 2785 478 2850 dam.
524 2786 666 2870 Singulis
688 2787 787 2872 igitur
800 2785 1003 2872 portionibus
1020 2785 1086 2848 suis
1102 2786 1220 2871 ereptis
1235 2796 1269 2850 et
1281 2787 1425 2872 direptis,
1440 2787 1591 2871 expulsus

391 2896 443 2950 est
457 2886 575 2964 fatuus,
591 2897 624 2950 et
643 2887 765 2952 divisus
781 2910 800 2950 a
814 2887 943 2972 propria
957 2887 1098 2972 regione,
1113 2909 1180 2971 prae
1198 2888 1321 2972 pudore
1345 2889 1520 2972 transfuga,
1535 2889 1593 2952 cir-

392 2989 460 3053 cuit
481 2988 556 3053 exul
570 2989 700 3054 alienas.
726 2990 789 3054 Cui
812 2999 889 3076 post
911 2991 1069 3055 diutinam
1085 2993 1221 3076 contigit
1235 2992 1477 3056 mendicitatem
1491 3003 1529 3056 ut
1543 2992 1593 3056 die

393 3087 531 3173 quadam
550 3096 641 3152 extra
656 3087 818 3152 civitatem
841 3089 876 3153 in
901 3110 964 3173 qua
988 3090 1225 3154 mendicaverat
1239 3113 1313 3154 cum
1336 3091 1523 3175 fragmentis
1538 3113 1592 3176 pa·

393 3210 472 3252 num
488 3189 538 3252 sui
558 3198 701 3273 quaestus
722 3189 783 3254 sub
807 3190 921 3254 umbra
943 3189 1098 3274 proximae
1121 3190 1210 3256 silvoe
1232 3191 1419 3276 quiesceret,
1434 3191 1591 3278 inspecta-

392 3311 454 3378 que
469 3291 574 3354 victus
588 3291 680 3355 exilis
695 3302 729 3354 et
742 3291 848 3355 viliter
862 3291 1036 3376 conquisiti
1050 3292 1136 3355 foeda
1150 3292 1318 3371 tenuitate,
1328 3293 1384 3357 sed
1400 3303 1434 3357 et
1447 3294 1590 3359 recorda-

393 3405 428 3458 to
448 3404 605 3479 quantum
620 3395 792 3479 degeneret
806 3404 840 3458 et
861 3416 957 3479 quam
978 3395 1209 3459 inconveniens
1225 3395 1269 3458 sit
1280 3416 1339 3459 suo
1354 3407 1527 3481 paupertas
1540 3419 1594 3482 ge·

394 3497 474 3578 neri,
486 3497 668 3582 prorumpit
688 3499 721 3561 in
736 3498 915 3584 lachrymas
931 3508 966 3562 et
978 3499 1012 3562 in
1027 3499 1168 3562 lamenta
1183 3519 1217 3562 se
1232 3499 1372 3583 projicit,
1392 3499 1491 3563 micas
1506 3499 1594 3586 pellit

393 3611 428 3666 et
445 3601 617 3680 crustulas,
631 3615 803 3686 vestesque
821 3601 997 3687 respiciens
1013 3602 1053 3665 ad
1067 3601 1308 3687 pannositatem
1330 3611 1474 3683 nauseat,
1496 3603 1593 3689 pallet

394 3704 436 3768 ad
466 3704 624 3789 pitatiam,
645 3706 714 3791 jam
740 3705 896 3770 sevilam
924 3705 1028 3770 sciens
1053 3705 1214 3784 omnibus,
1237 3705 1307 3790 ipse
1331 3705 1394 3770 sibi
1415 3705 1540 3772 vilescit
1561 3717 1594 3771 et

396 3808 516 3887 sordet,
532 3808 608 3873 etsi
624 3831 658 3874 se
679 3807 784 3894 possit
799 3809 938 3893 effugere
964 3829 1031 3873 non
1055 3819 1204 3894 expectet
1218 3812 1310 3875 sedet
1324 3831 1454 3894 anceps,
1470 3820 1505 3876 et
1517 3811 1594 3874 fluc-

396 3919 467 3974 tuat
481 3921 515 3975 et
534 3933 574 3976 ex
587 3911 816 3976 incertitudine
832 3911 882 3976 sui
897 3911 1086 3997 deportatur
1099 3912 1141 3976 ab
1156 3914 1228 3998 ipso
1243 3913 1423 3998 flagitiosus
1448 3914 1593 3993 animus3

397 4033 472 4076 cum
491 4033 564 4078 ecce
581 4013 707 4078 subitus
723 4015 753 4080 ei
771 4015 819 4079 vir
839 4024 924 4079 astat
938 4015 1027 4079 mirae
1042 4015 1273 4100 magnitudinis
1288 4026 1323 4081 et
1337 4017 1439 4081 multa
1453 4017 1595 4082 foeditate

397 4113 488 4179 faciei
507 4116 669 4197 terribilis,
685 4117 776 4182 suavi
790 4126 899 4184 tamen
914 4128 949 4183 et
973 4118 1092 4184 blande
1114 4117 1192 4183 satis
1206 4118 1315 4204 ipsum
1330 4119 1492 4185 confidere
1502 4117 1596 4205 jubet
