3610 4852
214 541 274 606 esp
287 543 341 606 vit]
582 544 630 587 ns
655 543 765 588 noers
789 543 1014 589 ctrarnurun.
1342 535 1402 592 241

199 711 328 789 savius,
359 711 386 776 si
416 714 506 778 mitis
532 713 767 792 obtrectantur,
792 723 983 799 pervertunt
1017 725 1054 780 ut
1083 717 1186 780 virtus
1215 717 1249 780 in
1276 718 1404 804 culpam

198 825 302 893 exeat,
328 815 478 882 siluerit
507 817 669 902 ambigua,
699 817 891 883 deteriorem
920 816 1174 903 interpretantur
1202 820 1236 883 in
1266 830 1403 905 partem,

196 916 325 982 laudem
341 941 418 986 vero
429 922 566 1006 justitiae
590 929 779 986 meruerunt
801 920 842 986 ab
868 920 980 1007 iniquo
1004 922 1149 1002 domino,
1164 923 1239 1009 quia
1254 925 1294 988 de
1310 923 1403 988 malis

197 1019 321 1084 meritis
344 1043 412 1086 non
435 1023 617 1100 remittunt,
638 1021 804 1108 quippiam
820 1023 938 1086 dicitur
952 1033 1062 1088 tamen
1077 1025 1165 1108 quod
1181 1025 1208 1088 si
1223 1025 1402 1110 respiciun-

197 1131 252 1185 tur
274 1145 293 1185 a
317 1126 561 1190 transeuntibus
588 1125 674 1210 rigor
697 1145 810 1189 eorum
830 1124 921 1188 velut
934 1125 1113 1189 incantatio
1135 1127 1230 1212 perit.
1275 1126 1311 1191 Si
1333 1149 1401 1190 non

196 1223 301 1309 culpis
326 1223 498 1306 inhaerent,
523 1236 557 1291 et
583 1225 751 1291 malefacta
774 1226 948 1304 trutinant,
974 1237 1008 1290 et
1032 1237 1185 1306 mactant,
1205 1240 1239 1293 et
1260 1228 1401 1313 perdunt

195 1325 293 1406 bona,
307 1328 489 1412 praeterlabi
504 1329 716 1414 compellunt,
731 1327 885 1412 Ditisque
898 1327 1029 1412 placant
1050 1329 1254 1414 tyrannidem
1277 1331 1401 1395 offensa

198 1429 281 1510 Dei3
306 1431 505 1497 excusabiles
533 1443 642 1497 tamen
671 1431 874 1516 aliquatenus
910 1441 988 1495 sunt
1012 1430 1068 1495 isti
1090 1431 1229 1517 judices,
1254 1434 1310 1518 qui
1339 1435 1401 1498 diri

181 1531 352 1619 'principis
385 1535 554 1599 imitantur
584 1535 736 1620 argutias.
783 1533 954 1598 Habemus
985 1545 1019 1598 et
1052 1557 1113 1598 nos
1149 1557 1300 1601 censores
1338 1535 1399 1600 sub

197 1635 402 1699 serenissimo
421 1636 542 1721 judice,
564 1657 702 1721 quorum
721 1633 882 1719 justitiam
906 1635 1030 1700 domini
1053 1637 1103 1700 sui
1121 1636 1250 1721 justitia
1278 1659 1400 1703 remor-

197 1739 262 1817 det,
285 1739 360 1823 quia
386 1739 487 1823 jurati
515 1761 623 1805 coram
652 1740 726 1823 ipso
756 1739 843 1825 quod
873 1740 1024 1823 aequitate
1055 1751 1180 1806 servata
1210 1742 1399 1822 censebunt,

197 1856 235 1908 ut
269 1843 416 1928 praedioti
445 1853 512 1909 tres
543 1845 692 1910 Plutonis
718 1845 823 1930 arguti
860 1845 998 1931 judices.
1066 1846 1101 1911 si
1129 1848 1308 1931 respexerit
1343 1869 1399 1912 eos

196 1975 282 2032 reus,
300 1955 411 2038 justus
433 1965 504 2034 est3
528 1956 637 2020 sinon
652 1955 831 2040 respexerit
850 1955 971 2040 justus,
986 1977 1062 2020 reus
1082 1967 1141 2021 est.
1189 1957 1264 2022 Hoc
1290 1969 1398 2022 autem

194 2064 353 2150 respicere
382 2065 536 2150 glosatur‚
567 2088 657 2130 more
687 2065 810 2130 domini
840 2087 944 2152 papae,
974 2066 1029 2151 qui
1059 2067 1149 2146 dicit,
1174 2089 1234 2132 neo
1263 2067 1299 2132 in
1327 2090 1400 2153 per·

197 2189 277 2232 sona
305 2169 436 2254 propria
465 2190 571 2253 neque
599 2191 658 2254 per
686 2169 840 2233 nuncium
864 2169 1008 2233 visitavit
1034 2190 1094 2233 nos
1118 2192 1223 2254 neque
1247 2171 1399 2256 respexit,

196 2269 230 2334 id
256 2280 397 2335 estnon
424 2271 525 2335 dedit.
571 2271 618 2336 Hi
644 2281 748 2337 sortes
774 2273 808 2335 in
834 2294 934 2335 unam
960 2272 1088 2336 mittere
1103 2272 1266 2353 videntur,
1280 2273 1314 2337 id
1338 2284 1399 2353 est,

197 2392 365 2436 causarum
400 2394 495 2438 casus
530 2373 563 2437 in
597 2375 812 2450 involucrum,
840 2373 1052 2439 obvolventes
1078 2375 1247 2441 calumniis
1271 2377 1399 2456 idiotas,

196 2475 344 2540 districto
359 2475 470 2562 culpas
485 2477 633 2542 examine
648 2487 830 2557 censentes,
846 2499 981 2562 quarum
992 2478 1080 2542 nulla
1091 2479 1218 2544 veniam
1231 2482 1400 2566 consequi-

196 2591 260 2658 tur,
275 2580 338 2643 nisi
353 2602 412 2665 pro
428 2602 492 2665 qua
514 2590 617 2646 mater
641 2603 697 2646 ore
719 2591 833 2666 rugato
858 2581 1001 2665 loquitur
1022 2581 1130 2647 bursa.
1176 2583 1258 2648 Haec
1273 2593 1324 2649 est
1345 2585 1400 2649 illa

197 2692 386 2748 cunctorum
410 2684 498 2760 bera,
513 2705 586 2768 quae
612 2684 723 2770 culpas
748 2683 896 2768 ignoscit,
919 2684 1078 2768 justificat
1102 2685 1250 2770 impium,
1274 2697 1308 2751 et
1332 2709 1399 2751 non

196 2785 267 2850 vult
282 2795 421 2849 mortem
436 2796 655 2870 peccatorum,
670 2808 731 2852 nec
746 2786 816 2851 sine
831 2807 927 2850 causa
943 2785 1030 2870 ejicit
1043 2787 1228 2852 venientem
1243 2790 1284 2853 ad
1300 2811 1345 2868 se,

411 2903 437 2938 ⁴
522 2931 672 2994 Stabilisque
683 2945 784 2980 mausus
795 2929 837 2979 dat
848 2935 938 2978 cuncta
949 2929 1066 2978 moveri*

195 3046 304 3110 Locus
320 3056 429 3114 tamen
444 3047 560 3112 unicus
576 3057 628 3118 est
638 3047 833 3112 scaccarium
845 3047 879 3111 in
892 3069 957 3133 quo
969 3069 1036 3113 non
1048 3057 1099 3112 est
1110 3048 1312 3128 miraculosa,
1323 3072 1398 3115 nam

195 3169 324 3232 semper
345 3147 428 3234 justi
447 3149 531 3233 regis
550 3148 664 3213 oculus
678 3149 724 3213 ibi
739 3149 953 3214 videturesse
968 3170 1090 3216 recens.
1138 3149 1236 3214 Unde
1250 3173 1324 3216 cum
1339 3173 1399 3237 ego

196 3251 297 3315 semel
311 3249 357 3314 ibi
373 3251 533 3336 judicium
548 3252 713 3316 audissem
725 3252 993 3336 compendiosum
1005 3263 1039 3316 et
1049 3254 1176 3337 justum
1191 3262 1304 3317 contra
1319 3253 1399 3318 divi-

196 3364 264 3418 tem
275 3376 334 3439 pro
346 3374 499 3439 paupere,
511 3354 579 3419 dixi
592 3354 725 3418 domino
737 3354 900 3418 Randulfo
911 3375 1040 3418 summo
1051 3355 1186 3437 judiei‚†
1201 3354 1318 3419 “Cum
1330 3356 1399 3438 jus-

195 3455 266 3520 titia
291 3455 442 3542 pauperis
469 3456 580 3520 multis
603 3465 718 3542 posset
744 3455 941 3519 diverticulis
964 3455 1139 3540 prorogari,
1162 3455 1247 3520 felici
1265 3456 1399 3542 coelique

191 3557 316 3643 judicio
325 3569 522 3624 consecutus
532 3579 566 3624 es
578 3559 683 3625 eam.''
719 3558 805 3621 'l'um
818 3557 1012 3634 Randulfus,
1028 3557 1158 3622 “Certe
1169 3579 1230 3623 nos
1242 3558 1294 3622 hic
1305 3559 1400 3643 longe

195 3660 339 3726 velocius
354 3685 467 3728 causas
479 3662 670 3741 decidimus,
684 3684 781 3747 quam
793 3661 828 3740 in
839 3660 983 3726 eeclesiis
995 3660 1139 3745 episcopi
1150 3661 1281 3726 vestri.''
1314 3662 1398 3725 Tum

196 3784 266 3847 ego,
278 3766 299 3798 ‘⁶
311 3762 434 3828 Verum
444 3773 514 3842 est3
530 3764 588 3828 sed
600 3763 626 3826 si
638 3784 695 3828 rex
705 3772 816 3828 noster
828 3771 894 3826 tam
906 3770 1050 3826 remotus
1062 3771 1150 3826 esset
1160 3784 1179 3825 a
1190 3760 1294 3840 vobis,
1303 3784 1400 3847 quam

196 3863 236 3928 ab
252 3865 414 3952 episcopis
430 3876 482 3931 est
496 3887 592 3952 papa,
606 3889 666 3930 vos
682 3887 772 3951 reque
787 3865 893 3930 lentos
910 3864 1107 3929 crederem.”
1137 3865 1213 3951 Ipse
1228 3887 1305 3929 vero
1320 3865 1404 3945 risit,

228 4025 243 4056 θ
260 4025 379 4075 Boethius
400 4026 430 4075 de
449 4025 577 4076 consolat.
600 4025 665 4074 Phil.
687 4025 731 4075 lib.
748 4026 784 4075 iii.
851 4028 870 4082 †
888 4023 981 4074 nanus
990 4025 1020 4074 de
1031 4025 1163 4084 Glaurille,
1175 4025 1230 4074 who
1243 4025 1299 4074 held
1310 4025 1352 4074 the
1364 4027 1401 4074 ol·

196 4113 267 4156 metr.
280 4107 314 4155 ix.
327 4108 344 4156 l.
357 4108 382 4156 3.
818 4109 864 4156 fios
875 4107 903 4156 of
912 4106 978 4156 chief
984 4106 1129 4170 justiciam
1147 4121 1187 4156 see
1198 4105 1291 4166 before,
1304 4121 1329 4170 p.
1341 4111 1364 4158 8.

242 4209 356 4253 enirn.
382 4211 457 4256 soc.
1171 4197 1190 4251 2
1215 4210 1228 4252 1
