3610 4852
384 557 447 614 212
808 573 995 618 aurarum
1021 573 1140 616 naras
1403 571 1524 634 [binuso.
1537 575 1570 622 v.

383 741 516 804 recessit
539 741 708 807 aFranoia
731 741 866 827 gladius,
893 741 997 806 donec
1021 739 1172 804 misertus
1197 738 1361 803 Dominus
1385 741 1473 804 hunc
1499 741 1588 805 misit

385 843 597 912 Lodovicum.
644 845 709 910 Hic
725 856 833 909 autem
858 867 932 910 oum
958 853 1045 908 essct
1064 844 1174 928 junior
1190 855 1301 927 portas
1322 844 1429 928 egredi
1446 845 1587 908 Parisios

385 945 426 1008 ad
435 946 557 1010 miliare
572 946 705 1012 tertium
721 969 787 1010 non
803 946 920 1032 potuit,
937 945 1006 1010 sine
1020 945 1205 1029 principum
1220 945 1444 1029 proximorum
1458 946 1589 1009 licentia

384 1048 435 1112 vel
447 1048 621 1126 conductu,
633 1049 689 1112 sed
701 1069 761 1113 nec
776 1070 872 1112 suum
884 1067 994 1111 eorum
1007 1046 1165 1131 quispiam
1178 1055 1234 1109 aut
1244 1044 1376 1110 tenebat
1386 1057 1443 1110 aut
1453 1045 1590 1110 timebat

387 1277 421 1319 se
437 1255 583 1320 terminis
599 1255 697 1319 arceri
712 1253 876 1319 brevibus.
921 1253 1087 1317 Excitavit
1101 1275 1176 1317 eum
1197 1262 1349 1337 tanquam
1373 1252 1588 1316 dormientem

386 1357 560 1436 Dominus,
572 1358 725 1443 deditque
737 1356 813 1421 belli
826 1355 1019 1420 sententiam
1031 1364 1064 1419 et
1074 1353 1219 1418 victoriae
1228 1354 1429 1438 frequentem
1441 1354 1588 1438 gratiam,

387 1471 421 1524 et
434 1461 611 1545 complevit
625 1459 752 1524 labores
768 1459 853 1523 illius
868 1459 908 1522 ad
925 1480 1085 1522 summam
1109 1457 1267 1520 unitatem
1291 1467 1324 1520 et
1345 1478 1458 1541 paoem
1487 1457 1589 1521 totius

388 1564 541 1628 Franciae.
587 1564 751 1629 Successit
773 1564 802 1626 ei
824 1561 1018 1627 Lodowicus
1041 1560 1127 1624 tilius
1149 1560 1232 1644 ejus,
1247 1559 1532 1623 christianissimus
1556 1570 1589 1624 et

387 1665 667 1730 mansuetissimus
676 1665 858 1742 hominum,
870 1685 1046 1749 pacemque
1058 1663 1158 1748 patris
1175 1663 1271 1726 armis
1283 1663 1420 1726 evictam
1435 1662 1589 1727 omnibus

386 1769 462 1832 vitoe
478 1789 544 1832 suae
561 1766 675 1831 diebus
686 1767 888 1852 pergratiam
900 1766 1022 1830 Christi
1038 1765 1154 1844 tenuit,
1162 1766 1384 1830 indubitanter
1397 1765 1431 1828 in
1443 1765 1590 1830 Domino

388 1871 566 1948 confidens,
590 1869 645 1954 qui
670 1891 830 1954 nusquam
853 1869 1047 1954 derelinquit
1073 1879 1255 1954 sperantem
1272 1869 1306 1931 in
1322 1890 1366 1932 se.
1413 1867 1496 1933 Quoe
1521 1869 1590 1933 vidi

387 1975 440 2038 vel
464 1973 530 2038 seio
554 1974 678 2058 loquor.
724 1973 808 2056 Cum
824 1983 911 2036 esset
925 1974 1025 2036 homo
1040 1983 1140 2037 tantae
1155 1971 1364 2057 benignitatis
1379 1982 1412 2036 et
1427 1981 1494 2036 tam
1512 1972 1590 2036 sim·

386 2078 479 2163 plicis
496 2077 764 2156 mansuetudinis,
781 2087 814 2140 et
829 2075 990 2140 affabilem
1007 2098 1041 2140 se
1057 2076 1172 2160 cuique
1188 2075 1348 2160 praeberet
1362 2075 1506 2160 pauperi,
1521 2085 1588 2138 tam

388 2181 455 2244 suis
471 2203 566 2265 quam
582 2180 706 2258 alienis,
721 2189 759 2243 ut
772 2179 878 2263 possit
892 2179 993 2243 idiota
1007 2178 1119 2258 videri,
1132 2178 1391 2244 districtissimus
1407 2188 1476 2242 erat
1486 2179 1589 2263 judex

387 2294 421 2348 et
431 2283 567 2367 justitioe
583 2303 668 2367 saepe
684 2281 765 2348 flens
783 2291 946 2362 executor,
962 2282 1104 2367 superbo
1118 2281 1240 2366 rigidus
1256 2291 1289 2345 et
1304 2281 1375 2345 miti
1390 2303 1456 2345 non
1473 2281 1589 2366 impar.

389 2386 537 2470 Contigit
551 2395 589 2449 ut
610 2409 629 2449 a
652 2386 762 2449 multis
788 2395 822 2448 et
843 2385 966 2469 magnis
982 2384 1166 2449 audivimus
1180 2385 1259 2449 viris
1274 2384 1427 2469 quiddam
1444 2385 1591 2450 mirabile

389 2489 488 2567 dictu,
501 2489 587 2573 quod
603 2499 636 2553 et
646 2487 832 2554 incredibile
847 2509 914 2550 non
926 2485 1087 2549 immerito
1098 2485 1255 2551 videatur.
1290 2485 1349 2549 Vir
1362 2487 1396 2549 in
1411 2485 1590 2551 Galliarum

389 2592 545 2656 terminos
574 2591 717 2656 marchio
748 2611 896 2676 magnus,
921 2589 978 2653 sed
1006 2589 1194 2653 crudelitate
1220 2589 1350 2668 nimius,
1377 2600 1443 2653 tam
1466 2589 1591 2654 vicinos

389 2718 486 2780 quarn
510 2697 649 2761 advenas
676 2695 794 2760 cotidie
819 2691 1005 2758 saevissimis
1028 2690 1202 2756 infestabat
1216 2692 1362 2777 injuriis3
1385 2693 1533 2777 rapiebat
1549 2695 1590 2758 ad

389 2821 548 2864 carcerem
564 2799 762 2883 peregrinos,
783 2819 864 2882 quos
880 2807 936 2860 aut
951 2796 1122 2860 tormentis
1138 2795 1300 2880 affligebat
1323 2796 1362 2859 ad
1378 2805 1518 2861 mortem
1535 2806 1592 2862 aut

392 2901 547 2985 spoliatos
574 2899 757 2963 dimittebat
780 2896 1017 2962 semimortuos.
1060 2898 1126 2962 Hic
1152 2920 1227 2962 cum
1249 2920 1315 2962 non
1332 2909 1419 2963 esset
1435 2897 1594 2964 Catalinae

392 3003 475 3066 dolis
490 3003 632 3079 inferior,
647 3012 704 3065 aut
718 3001 862 3085 nequitia
872 3001 1013 3064 Neronis
1025 3001 1139 3085 impar,
1154 3022 1288 3065 uxorem
1303 3000 1454 3080 habebat,
1465 3023 1593 3086 genere,

391 3106 504 3182 forma,
519 3103 664 3166 moribus
679 3102 794 3167 vicinis
810 3112 843 3165 et
857 3102 990 3166 remotis
1006 3102 1275 3182 eminentiorem,
1299 3124 1436 3187 cumque
1450 3103 1511 3168 viri
1520 3125 1594 3189 pes-

393 3206 467 3269 simi
489 3205 692 3290 tyrannidem
715 3203 911 3284 abhorreret,
928 3204 1051 3269 Christi
1071 3206 1235 3270 caritatem
1258 3204 1435 3270 terroribus
1455 3206 1526 3290 ejus
1549 3207 1595 3270 ita

391 3310 579 3397 praeposuit,
595 3319 633 3374 ut
647 3331 713 3373 non
728 3308 859 3373 timeret
873 3309 1142 3393 quandocumque
1162 3310 1296 3373 facultas
1312 3307 1449 3373 dabatur
1469 3309 1595 3374 solvere

391 3414 516 3498 ligatos,
532 3413 668 3478 educere
684 3412 840 3496 captivos,
857 3433 970 3476 omnes
986 3411 1131 3476 emittere
1142 3410 1274 3490 liberos,
1289 3421 1322 3475 et
1336 3410 1595 3498 quibuscumque

393 3517 501 3600 potuit
516 3513 705 3578 muneribus
722 3523 870 3590 onustos,
889 3533 950 3576 nec
964 3521 1032 3576 erat
1046 3513 1121 3577 loeta
1137 3513 1200 3576 nisi
1214 3513 1307 3577 laetos
1323 3513 1497 3577 emitteret.
1541 3513 1596 3578 Ad

393 3641 523 3684 omnem
547 3618 671 3682 domini
698 3617 748 3681 sui
776 3616 933 3681 saevitiam
957 3613 1067 3695 flebat,
1093 3625 1127 3680 et
1149 3626 1240 3680 tanto
1264 3615 1521 3701 compatiebatur
1536 3639 1596 3702 per

395 3720 517 3786 Christi
541 3723 708 3786 caritatem
739 3721 849 3784 dolore
875 3719 1012 3798 miseris,
1042 3729 1080 3782 ut
1105 3719 1256 3804 quiequid
1286 3720 1392 3805 aliquo
1422 3720 1522 3784 modo
1543 3721 1595 3786 vel

394 3825 433 3889 de
455 3825 568 3909 rapina
593 3823 721 3910 tyranni
736 3823 788 3887 vel
814 3823 853 3887 de
872 3821 971 3907 justis
997 3823 1177 3887 tenentium
1202 3823 1338 3887 dabatur
1359 3823 1472 3908 copiis,
1487 3833 1593 3888 totum

394 3927 538 4011 spoliatis
570 3937 604 3990 et
641 3926 711 3990 aliis
748 3925 857 4009 egenis
893 3923 1113 4010 impendebat.
1178 3925 1276 3991 Unde
1312 3927 1433 3990 factum
1471 3935 1523 3990 est
1557 3935 1595 3989 ut

394 4051 585 4114 quocunque
610 4029 671 4092 viri
701 4027 927 4092 deferebantur
961 4027 1131 4092 crudelitas
1163 4038 1196 4092 et
1224 4028 1370 4109 infamia,
1396 4028 1595 4094 comitaban-

393 4144 446 4194 tur
475 4132 584 4194 uxoris
614 4131 717 4216 pietas
747 4141 781 4196 et
810 4132 905 4210 fama,
935 4139 1089 4215 tantoque
1119 4131 1235 4196 elarius
1266 4131 1443 4212 enitebant,
1473 4143 1593 4218 quanto
