3608 4862
222 561 347 626 cipue]
593 563 640 608 ne
666 563 777 609 noers
801 563 1027 610 currentum.
1353 545 1411 604 151

206 729 292 793 fama
306 727 464 796 eastitatis
479 729 679 816 privilegiata
694 740 890 812 constanter,
906 732 1038 797 tandem
1056 729 1242 817 Appollinis
1257 748 1414 814 oppressa

205 833 431 916 phantasmate
455 834 606 918 concepit
629 834 818 919 peperitque
844 834 1025 899 Platonem.
1069 832 1194 911 Amice,
1209 853 1284 896 ecce
1314 851 1410 915 quam

204 932 361 999 illibatam
391 945 600 999 servaverunt
622 935 751 1020 vigilite,
773 935 943 1000 defloravit
965 933 1073 1000 illusio
1095 955 1154 1018 per
1178 932 1353 1009 somnium,
1375 941 1413 995 ut

207 1059 334 1122 semper
349 1059 446 1102 omne
461 1038 619 1103 rosarium
635 1039 743 1123 aliquo
755 1038 885 1104 turbine
897 1062 956 1103 sua
970 1059 1114 1124 purpura
1134 1034 1302 1121 spolietur.
1348 1034 1415 1099 Sed

205 1139 301 1218 bene,
317 1139 344 1203 si
359 1139 437 1224 quid
453 1139 499 1204 sie
513 1138 607 1218 bene,
619 1140 707 1224 quod
728 1141 915 1226 patrissavit
932 1141 1023 1206 Plato
1038 1142 1072 1204 in
1089 1139 1258 1225 sapientia,
1274 1148 1308 1202 et
1325 1134 1413 1222 quod

207 1240 321 1306 similis
336 1243 558 1308 factus'haeres
575 1242 718 1306 numinis
742 1254 776 1307 et
801 1243 943 1308 nominis
968 1243 1069 1328 patris
1084 1241 1250 1327 praecipui.
1287 1241 1412 1318 Amice,

207 1345 332 1409 miraris
351 1369 392 1409 an
408 1345 585 1430 indignaris
600 1345 712 1430 magis,
729 1345 817 1430 quod
831 1346 865 1410 in
880 1345 1041 1431 parabolis
1063 1344 1124 1409 tibi
1140 1343 1317 1429 significem
1333 1365 1412 1426 gen-

206 1448 279 1512 tiles
290 1447 477 1527 imitandos,
490 1448 676 1513 Christiano
685 1449 849 1527 idolatras,
861 1471 943 1534 agno
954 1449 1062 1534 lupos,
1073 1448 1161 1513 bono
1176 1447 1296 1511 malos?
1326 1445 1411 1510 Volo

207 1553 252 1617 sis
277 1561 514 1637 argumentosae
540 1553 593 1638 api
620 1553 745 1632 similis,
761 1575 833 1638 quae
860 1552 924 1616 mel
952 1552 1038 1618 elicit
1056 1575 1096 1617 ex
1121 1551 1234 1630 urtica,
1254 1561 1291 1614 ut
1316 1561 1351 1615 et
1375 1561 1412 1614 tu

207 1676 302 1740 sugas
328 1655 394 1720 mel
423 1654 463 1720 de
489 1665 581 1740 petra
609 1665 643 1720 et
671 1657 779 1720 oleum
809 1655 849 1720 de
874 1678 954 1720 saxo
978 1655 1184 1720 durissimo*
1231 1654 1410 1720 Gentilium

206 1757 284 1822 novi
299 1757 540 1842 superationem
551 1783 561 1837 3
584 1758 641 1822 sed
657 1758 763 1822 omnis
778 1768 922 1823 creatura
944 1759 1008 1824 Dei
1030 1758 1161 1844 aliquod
1184 1756 1283 1821 habet
1302 1779 1411 1821 exem-

207 1862 277 1946 plar
302 1861 442 1940 honesti,
465 1862 552 1927 unde
574 1861 644 1947 ipse
660 1871 731 1925 tum
760 1861 810 1926 leo
834 1872 905 1926 tum
929 1863 1046 1927 vermis
1069 1872 1140 1926 tum
1162 1861 1244 1925 aries
1267 1861 1411 1926 discitur.

208 1964 349 2028 Plurima
364 1986 513 2050 perverse
528 1975 630 2051 egunt
643 1965 811 2044 inereduli,
826 1965 931 2051 aliqua
946 1976 1055 2030 tamen
1071 1975 1172 2050 egunt
1193 1987 1264 2050 quae
1278 1965 1355 2030 licet
1376 1965 1409 2027 in

207 2068 286 2153 ipsis
312 2069 473 2133 intereant
497 2069 531 2134 in
556 2069 651 2134 nobis
677 2069 806 2133 abunde
828 2069 970 2134 fructum
986 2069 1138 2133 facerent.
1184 2068 1283 2135 Quod
1310 2069 1337 2133 si
1363 2068 1409 2133 illi

207 2193 305 2236 nonas
328 2172 503 2237 habuerint
523 2172 684 2257 pelliceus,
710 2173 781 2236 sine
800 2193 868 2257 spe,
893 2171 1060 2250 sinodus,
1084 2171 1153 2235 sine
1176 2170 1318 2250 caritate,
1341 2172 1410 2236 sine

207 2275 469 2360 praedicamento,
484 2277 629 2361 profecto
645 2298 705 2340 nos
722 2276 750 2340 si
772 2275 927 2340 fuerimus
944 2275 1026 2339 asini
1040 2275 1093 2340 vel
1122 2297 1196 2339 sues
1226 2283 1282 2339 aut
1307 2275 1413 2359 aliqua

206 2377 410 2443 inhumanite
446 2379 617 2444 brutorum
655 2379 788 2458 similes,
825 2401 889 2463 quo
932 2378 1019 2457 fidei,
1057 2400 1121 2463 quo
1159 2377 1310 2456 caritatis,
1347 2401 1412 2463 quo

207 2480 279 2564 spei
307 2479 424 2544 merito
454 2480 543 2566 digni
571 2480 778 2565 reperiemur,
805 2502 878 2545 cum
908 2479 1075 2544 videamus
1100 2481 1288 2566 prophetes,
1316 2503 1412 2566 apos·

207 2581 304 2661 tolos,
326 2591 359 2647 et
379 2583 541 2669 preeeipue
566 2582 764 2668 proecipuum
788 2582 880 2646 illum
910 2582 1024 2645 mundi
1053 2581 1160 2647 cordis
1186 2604 1280 2667 quem
1305 2583 1411 2648 solum

207 2706 338 2748 cernere
364 2694 504 2770 possunt
533 2683 634 2750 oculi?
690 2685 760 2748 Aut
796 2684 824 2748 si
853 2683 899 2748 illi
929 2684 1037 2749 studio
1065 2706 1195 2748 suarum
1225 2684 1344 2749 artium
1377 2706 1412 2750 se

207 2788 320 2852 multis
346 2788 517 2853 conatibus
539 2789 732 2868 afflixerunt,
757 2788 846 2852 nullo
869 2788 986 2852 futurae
1008 2787 1169 2852 felicitatis
1198 2787 1330 2867 intuitu,
1354 2789 1410 2854 sed

206 2900 336 2955 tantum
358 2913 400 2956 ne
422 2893 545 2956 animas
568 2890 726 2956 haberent
747 2891 943 2976 ignorantes,
959 2892 1036 2977 quid
1059 2890 1154 2956 nobis
1177 2891 1238 2955 erit
1259 2913 1318 2976 pro
1334 2914 1412 2978 neg-

207 2993 292 3058 lecta
307 2993 415 3060 divina
429 2995 556 3081 pagina,
571 2995 663 3080 cujus
677 2994 752 3058 finis
768 2995 886 3060 veritas
897 3004 958 3074 est,
972 3005 1005 3059 et
1027 2994 1219 3059 illuminatio
1235 3005 1268 3059 et
1281 2994 1412 3060 lucerna

207 3095 358 3182 pedibus,
382 3107 416 3161 et
443 3096 552 3161 lumen
586 3096 710 3162 semitis
742 3097 783 3160 ad
805 3096 910 3162 lucem
940 3099 1116 3162 oeternam?
1163 3097 1298 3163 Utinam
1328 3097 1413 3163 hanc

208 3198 318 3283 eligas,
344 3198 470 3262 utinam
493 3198 577 3262 hanc
590 3199 688 3283 legas,
703 3197 830 3261 utinam
851 3197 936 3264 hanc
958 3198 1145 3263 introducas
1168 3197 1202 3261 in
1225 3198 1409 3263 cubiculum

206 3310 311 3378 tuum,
327 3310 365 3364 ut
377 3300 563 3364 introducet
587 3309 620 3364 te
635 3321 691 3364 rex
705 3299 740 3362 in
756 3321 862 3364 suum.
909 3299 1005 3365 Hanc
1021 3300 1143 3365 dudum
1166 3299 1301 3364 floribus
1322 3300 1408 3365 veris

207 3407 255 3469 tui
272 3405 467 3484 subarrasti3
490 3405 560 3468 haec
575 3403 610 3467 in
633 3413 745 3468 aestate
760 3412 910 3488 expectat
929 3415 985 3468 tua
1007 3413 1045 3467 ut
1064 3405 1162 3468 facias
1184 3425 1284 3482 uvas3
1307 3402 1406 3487 hujus

207 3509 241 3572 in
255 3508 407 3593 injuriam
423 3530 489 3572 non
505 3507 603 3572 ducas
615 3506 721 3585 eliam,
735 3527 777 3570 ne
792 3507 826 3570 in
838 3517 985 3591 tempore
994 3506 1165 3572 vindemiae
1175 3505 1272 3570 facias
1283 3504 1409 3570 labrus-

208 3635 271 3677 cas.
316 3611 453 3677 Veneris
469 3622 501 3676 te
516 3611 593 3675 nolo
609 3610 677 3675 fieri
701 3632 870 3695 sponsum,
893 3610 950 3674 sed
969 3609 1127 3689 Palladis3
1149 3609 1220 3674 hoec
1234 3618 1266 3672 te
1282 3609 1410 3674 ornabit

208 3713 384 3781 monilibus
399 3715 561 3801 pretiosis,
576 3715 646 3780 hmo
665 3724 698 3779 te
713 3714 827 3778 induet
841 3724 931 3777 veste
954 3713 1109 3799 nuptiali3
1130 3713 1181 3778 hae
1204 3713 1326 3798 nuptiae
1340 3713 1410 3799 glo·

207 3819 377 3884 riebuntur
393 3819 542 3904 Apolline
552 3819 791 3904 paranympb03
808 3818 921 3906 herum
937 3817 1140 3882 fescenninae
1155 3816 1282 3882 decebit
1296 3818 1409 3882 cedros

209 3920 336 3986 Libani.
382 3920 510 3985 Stilbon
541 3930 706 4000 uxoratus,
733 3941 824 4004 spem
847 3919 944 4004 hujus
966 3929 1034 3984 tem
1056 3919 1244 3985 desiderate
1268 3918 1409 3984 solenni·

631 4118 647 4150 ¹⁸¹
664 4119 840 4168 Deuteroncm.
854 4119 929 4167 xxxii.
945 4121 982 4167 13.
