3608 4862
402 533 466 593 120
811 546 1000 596 cultrum
1023 547 1144 594 utens
1396 548 1516 613 [uerene
1529 549 1583 600 111.

397 700 488 784 virgo
517 719 590 785 qute
620 697 755 764 Gelonis
788 699 915 766 laeserut
946 703 982 766 in
1012 722 1067 768 ore
1097 700 1266 786 virginem,
1296 721 1338 764 eo
1368 721 1433 785 quo
1461 701 1598 785 proeoise

396 804 501 867 fueret
529 803 639 867 modo.
695 802 795 888 Gigcs
832 804 931 890 igitur
964 813 1106 870 ermetus
1140 803 1312 888 egreditur,
1345 801 1387 865 ed
1415 803 1508 888 cujus
1536 803 1598 867 im·

396 905 603 970 mensitetem
630 905 789 990 expalluit
824 914 894 971 totu
923 927 1042 972 corona
1071 905 1211 992 generali
1239 904 1373 991 gemitu,
1402 927 1512 970 rerem
1540 906 1597 970 sd-

396 1008 600 1074 mirationem
628 1009 786 1075 confessc.
831 1008 931 1095 Giges
960 1009 1081 1074 insidet
1109 1030 1192 1095 equo
1222 1007 1363 1073 mexim0
1392 1017 1485 1073 tento
1514 1031 1596 1094 pon-

395 1110 464 1175 deri
487 1111 565 1176 sutis
591 1121 679 1198 apto,
702 1113 861 1198 sectisque
888 1111 1087 1178 discursibus
1113 1121 1148 1177 et
1169 1110 1247 1197 giris
1270 1110 1441 1176 exacerbat
1455 1133 1541 1189 eum,
1562 1120 1596 1174 et

394 1215 537 1279 futurem
551 1215 666 1280 edocet
680 1214 917 1296 necessitatem,
942 1225 977 1282 et
1000 1214 1094 1301 quusi
1115 1213 1243 1280 lusibus
1267 1213 1309 1278 ed
1333 1213 1416 1278 serie
1437 1223 1596 1299 praepamt

393 1317 551 1401 proxime.
606 1317 802 1404 Quicunque
830 1317 944 1384 vident
972 1318 1131 1384 mirentur
1158 1325 1193 1382 et
1220 1325 1384 1397 metuunt,
1425 1325 1460 1381 et
1499 1339 1596 1402 super

394 1419 528 1486 Sedium
550 1420 659 1487 lerunt
680 1422 852 1502 ululatum,
877 1431 912 1487 et
932 1430 1053 1507 quunto
1073 1429 1313 1506 persequuntur
1326 1420 1436 1485 favore
1461 1419 1595 1486 Sedium

392 1532 485 1588 tanto
507 1533 746 1610 persequuntur
761 1524 923 1590 Gelonem
937 1523 1023 1589 odio.
1068 1523 1217 1588 Audiunt
1238 1523 1303 1609 ipsi
1324 1545 1387 1588 nec
1411 1533 1594 1604 moventur,

394 1626 452 1691 sed
466 1635 568 1711 egunt
582 1626 667 1690 inter
680 1627 792 1692 leudes
807 1633 841 1691 et
854 1626 997 1692 convitia
1009 1626 1149 1692 fideliter
1160 1625 1287 1706 Sedius,
1298 1624 1490 1690 fiducialiter
1499 1624 1593 1690 Galo.

395 1727 496 1813 Gigas
510 1728 608 1814 igitur
621 1729 656 1792 in
673 1729 833 1794 Gelonem
847 1728 942 1794 irruit
956 1728 1101 1809 obvium,
1115 1728 1251 1794 diversis
1267 1749 1302 1792 se
1323 1737 1442 1813 petunt
1453 1727 1593 1809 ictibus3

391 1831 481 1916 giges
492 1831 626 1896 fractum
635 1831 754 1917 linquit
763 1831 797 1896 in
810 1839 904 1898 scuto
914 1831 1051 1898 Gelonis
1062 1832 1218 1913 lanceam,
1230 1830 1314 1896 Gelo
1323 1831 1462 1917 gigantis
1473 1854 1594 1917 equum

392 1935 532 1999 eironte
547 1935 678 2000 consuit
690 1934 725 1999 in
740 1956 859 2015 armos,
874 1944 908 1999 et
921 1943 1096 2022 utrumque
1111 1935 1158 2000 sic
1172 1934 1293 2020 dejicit.
1345 1934 1470 2001 Vident
1496 1935 1594 2020 igitur

391 2037 420 2102 is
444 2036 554 2122 ipsum
577 2059 652 2103 cum
676 2059 759 2123 equo
784 2037 881 2101 simul
905 2037 1069 2118 obrutum,
1092 2047 1247 2124 tunquam
1267 2038 1367 2103 ardue
1392 2059 1529 2124 quercus
1551 2038 1592 2104 ub

389 2139 506 2204 ultimo
521 2138 642 2205 securis
659 2139 728 2206 ictu
742 2147 958 2218 corruentem,
977 2138 1034 2219 eit,
1048 2142 1073 2177 “
1083 2139 1170 2207 Quia
1187 2138 1348 2203 Gelonem
1361 2139 1397 2203 in
1411 2147 1469 2204 tua
1483 2150 1593 2227 potes·

389 2251 456 2308 tate
471 2241 687 2308 constitutum
701 2241 817 2306 ermari
830 2240 1019 2327 permisisti,
1041 2263 1083 2306 ne
1098 2240 1159 2306 tibi
1172 2243 1258 2307 foret
1271 2241 1376 2327 imper
1386 2265 1462 2308 cum
1476 2243 1592 2309 inermi

389 2345 586 2431 congressio,
601 2345 775 2425 descendo,
789 2365 832 2409 ne
847 2344 927 2410 mihi
941 2344 1010 2410 fieti
1024 2345 1171 2430 naequsle
1186 2367 1260 2410 eum
1282 2345 1392 2431 pedite
1414 2347 1591 2413 duellum.''

389 2449 579 2529 Descendit,
594 2457 772 2536 exsurgunt
792 2447 930 2534 pedites,
952 2457 987 2514 et
1007 2447 1041 2512 in
1063 2448 1253 2514 alterutrum
1268 2449 1395 2514 fortiter
1407 2449 1591 2535 insurgrmt.

389 2553 460 2618 Rex
483 2553 587 2617 multo
602 2550 748 2636 deploret
772 2552 896 2639 gemitu
917 2559 1082 2636 nepotem,
1104 2551 1160 2636 qui
1185 2551 1276 2616 nullo
1299 2551 1413 2619 subest
1436 2553 1591 2638 periculo.

390 2655 514 2741 Regina
530 2655 618 2721 Sadii
641 2655 698 2719 dat
719 2655 754 2720 in
769 2655 897 2721 vultum
913 2653 1065 2734 convitia,
1089 2654 1264 2739 multisque
1285 2653 1405 2720 laceret
1421 2655 1590 2722 absentem

388 2758 583 2845 opprobriis.
628 2757 744 2823 Sodius
770 2779 842 2822 eam
857 2756 962 2842 decipi
976 2758 1107 2843 gaudet,
1121 2779 1195 2822 eum
1211 2756 1340 2823 silentio
1358 2758 1535 2840 sustinens,
1556 2768 1590 2824 et

388 2869 428 2924 ut
441 2860 580 2944 emplius
594 2859 738 2924 invideat
758 2881 890 2925 eversus
904 2860 945 2923 cb
965 2860 1037 2944 ipse
1058 2881 1155 2944 quam
1170 2858 1329 2924 consolari
1351 2868 1492 2944 eoeperut
1512 2882 1590 2945 que-

389 2971 485 3028 tenus
501 2963 749 3028 daturamenter
759 2962 888 3028 excolit.
934 2961 1589 3047 Reginavidetetinvidetillumelectsm,

388 3086 424 3131 se
440 3074 581 3151 spretum
595 3066 765 3146 arbitrans,
787 3066 897 3152 ireque
913 3088 1069 3132 succensu
1088 3064 1210 3152 duplici
1231 3064 1376 3152 duplicet
1394 3074 1429 3130 et
1447 3065 1589 3152 triplicet

387 3167 517 3253 utrique
527 3168 622 3233 rixas.
646 3167 941 3254 Guoeiensuliquid
953 3167 1075 3232 sinistri
1086 3166 1206 3232 Geloni
1216 3187 1310 3232 essue
1324 3167 1429 3247 effert,
1440 3168 1588 3234 omnium

387 3278 622 3336 convertuntur
642 3269 677 3335 in
700 3269 834 3336 Sodium
854 3269 950 3335 oculi.
995 3269 1167 3355 Cogitenrr
1187 3277 1222 3334 et
1239 3268 1356 3334 dicitur
1374 3268 1410 3333 in
1425 3269 1588 3336 Gelonem

388 3373 555 3453 detractio,
566 3372 668 3439 sedin
681 3371 815 3438 Scdium
823 3371 862 3437 fit
872 3370 1081 3438 detractionis
1090 3370 1245 3437 ostensio.
1268 3371 1456 3438 Secundum
1466 3374 1587 3440 formes

386 3473 577 3541 bellantium
604 3473 733 3541 ridetur
760 3473 928 3560 inaequalis
951 3473 1148 3559 congressio,
1170 3473 1348 3540 secundum
1373 3474 1457 3540 ictus
1490 3475 1589 3561 pleno

385 3577 546 3644 indicetur
574 3577 741 3664 aequalitas
770 3587 805 3644 et
832 3575 967 3642 minoris
1003 3575 1106 3660 major
1142 3573 1284 3642 audacis.
1329 3577 1517 3644 Retrocedit
1545 3600 1587 3644 ex

384 3680 545 3746 industria
557 3681 657 3766 gigas,
672 3690 710 3746 ut
732 3679 884 3744 irruentis
908 3678 1068 3764 impetum
1091 3688 1224 3763 quesset
1249 3678 1385 3765 inopino
1412 3678 1585 3766 subitoque

383 3785 527 3868 repulsu,
543 3784 600 3849 sed
616 3793 682 3848 tem
697 3804 811 3869 prope,
835 3792 904 3846 tam
929 3781 1045 3848 acriter
1066 3781 1168 3847 instet
1183 3781 1279 3862 Gelo,
1305 3790 1372 3846 tum
1391 3780 1585 3863 indefessus,

384 3894 423 3949 ut
437 3885 571 3951 omnino
594 3887 682 3971 giges
706 3907 726 3949 u
751 3905 810 3970 spe
832 3883 1012 3964 fraudetur,
1035 3893 1069 3949 et
1091 3893 1129 3948 ut
1150 3886 1226 3970 fuge
1249 3892 1427 3970 spontanea
1445 3885 1513 3969 jam
1527 3885 1585 3950 fist

383 3987 575 4065 necessaris,
586 3988 654 4072 jam
668 3987 704 4052 in
719 3987 831 4051 emicae
848 4006 916 4050 succ
930 3994 1042 4071 tapeto
1056 3985 1194 4064 vacillet,
1206 3993 1240 4049 et
1253 3984 1362 4072 ipsum
1375 3984 1459 4051 Gelo
1469 4007 1586 4072 repen-

383 4087 454 4152 tino
469 4096 588 4153 conatu
601 4087 754 4173 propellit
776 4096 815 4152 ut
838 4087 880 4152 ed
893 4087 981 4152 illem
1004 4086 1093 4172 giges
1113 4087 1178 4152 telo
1196 4089 1341 4155 offendet
1355 4097 1389 4153 et
1411 4089 1496 4154 ultre
1513 4109 1584 4152 cor-

380 4199 465 4256 ruat.
521 4189 652 4256 Clamor
673 4189 751 4257 hinc
774 4189 945 4270 attollitur,
978 4187 1068 4254 illinc
1092 4189 1253 4257 submisse
1274 4199 1411 4275 gemunt
1437 4190 1585 4275 suspiria,
