3608 4862
226 555 410 622 cantauit]
589 557 636 601 oa
661 557 772 606 auara
797 557 1021 604 cunrauruu.
1349 541 1410 600 131

208 723 255 788 sic
269 723 372 811 impii,
386 745 454 794 non
480 724 537 804 sic,
564 725 621 789 sed
646 726 785 792 oderunt
809 735 983 812 antequam
1008 725 1181 803 audierint,
1206 723 1414 808 vilipendunt

207 834 380 910 antequam
395 826 592 913 appendant,
601 835 639 892 ut
653 827 737 892 sicut
750 827 783 892 in
800 827 949 894 sordibus
965 839 1043 892 sunt
1057 825 1256 890 sordescant.
1294 824 1412 890 Adhuc

208 927 316 992 solum
341 951 382 994 ex
404 929 466 996 boc
488 927 599 1014 placeo
621 931 708 1014 quod
729 941 859 996 vetusta
880 931 1006 1015 loquor,
1030 929 1152 996 libatae
1175 938 1286 994 tamen
1309 948 1413 1012 nuper

207 1031 289 1096 actis
304 1053 414 1098 aurem
429 1031 505 1098 dare
521 1033 712 1118 parumper?

542 1239 592 1302 Dc
606 1239 729 1306 accone
743 1244 775 1304 et
790 1239 855 1319 &aa
869 1259 977 1304 acore.
1021 1239 1078 1324 iiij.

253 1409 340 1474 Raso
360 1407 577 1488 Christianus,
592 1430 677 1473 unus
703 1431 744 1474 ex
769 1410 832 1474 hiis
858 1431 940 1494 quos
955 1411 1051 1496 vulgo
1066 1411 1286 1474 vavassores*
1308 1407 1410 1488 siunt,

208 1519 352 1573 castrum
380 1507 520 1574 habebat
549 1510 637 1596 quod
666 1509 736 1596 ipse
776 1511 989 1578 fortissimum
1030 1512 1222 1578 necessitate
1263 1509 1411 1576 tuitionis

209 1623 433 1692 exameron
456 1613 596 1680 habebat
610 1613 697 1680 enim
713 1615 897 1700 frequentes
920 1637 995 1680 cum
1009 1615 1116 1682 vicina
1130 1615 1192 1680 sibi
1209 1615 1410 1700 Paganorum

209 1713 339 1779 civitate
354 1737 556 1800 congressus,
572 1715 622 1780 cui
639 1714 770 1801 quidam
785 1715 993 1798 admirabilis,
1005 1717 1093 1803 quod
1108 1739 1229 1782 nomen
1244 1715 1410 1802 dignitatis

208 1827 270 1898 est,
285 1817 477 1904 presidebat.
523 1817 672 1904 Cumque
686 1819 749 1904 ipsi
765 1819 853 1884 Raso
865 1819 988 1884 viribus
1000 1819 1105 1906 impar
1114 1829 1202 1886 esset
1216 1829 1249 1884 et
1264 1839 1411 1897 numero,

208 1942 268 1984 sua
292 1929 402 1986 mmen
428 1931 462 1985 et
485 1921 572 1988 unici
597 1921 654 1985 filii
681 1921 731 1986 sui
754 1923 943 1988 strenuitate
970 1922 1174 2007 prevalebat,
1200 1922 1293 2008 cujus
1308 1932 1411 1986 matre

209 2022 361 2088 defuncta
375 2045 480 2088 novos
492 2047 533 2088 ex
548 2023 699 2110 conjugio
715 2023 777 2090 sibi
789 2026 922 2112 cupiens
938 2025 1058 2090 amicos
1074 2027 1170 2090 thoro
1182 2025 1280 2110 priori
1296 2046 1411 2088 secun-

209 2125 283 2190 dam
300 2124 478 2205 substituit,
498 2127 653 2212 duxitque
676 2127 924 2212 pulcherrimam
949 2148 1200 2212 magnarumque
1226 2126 1409 2190 divitiarum

208 2229 384 2310 dominam,
400 2229 453 2294 cui
467 2230 513 2294 sic
528 2231 635 2296 anima
656 2231 726 2315 ejus
749 2229 969 2316 conglutinata
983 2240 1044 2308 est,
1060 2239 1097 2294 ut
1122 2228 1291 2316 zelotypiae
1314 2249 1411 2292 causa

209 2353 243 2396 se
271 2330 360 2416 gravi
390 2331 445 2394 diu
474 2341 508 2396 ct
536 2332 669 2417 ancipiti
699 2331 928 2398 deliberatione
957 2331 1173 2419 suspenderit,
1203 2341 1314 2396 utrum
1348 2329 1411 2394 sibi

208 2445 342 2522 praestet
356 2435 398 2499 ad
418 2435 605 2522 pudicitiam
628 2436 699 2521 ejus
725 2446 818 2500 caute
842 2435 1032 2500 servandam
1058 2435 1206 2502 Danaam
1221 2457 1292 2498 eam
1307 2434 1411 2498 facere

208 2538 260 2602 vel
288 2538 430 2602 Procrin.
474 2537 622 2604 Danaam
649 2539 739 2604 audit
767 2561 846 2604 auro
872 2540 1052 2624 deceptam,
1067 2548 1101 2603 et
1118 2559 1318 2624 quecunque
1340 2557 1409 2600 non

207 2651 296 2705 amat
310 2640 372 2705 scit
385 2663 491 2705 amare
508 2664 606 2728 possa
620 2641 735 2722 forma,
746 2641 917 2729 probitate,
932 2642 985 2706 vel
999 2664 1097 2721 aur03
1120 2641 1251 2707 Procrin
1268 2640 1409 2706 illectam

209 2743 345 2830 Cephali
366 2745 477 2810 laudat
498 2744 672 2826 amoribus,
687 2745 901 2831 uxoriumque
924 2745 1085 2832 sapienter
1104 2745 1135 2810 ei
1159 2745 1276 2809 liberas
1294 2743 1409 2810 fecisse

207 2849 353 2913 licentias
370 2848 426 2929 ait,
442 2859 475 2913 et
489 2859 663 2936 utrumque
677 2849 814 2929 felicem,
832 2849 937 2937 ipsam
952 2850 1040 2936 quod
1065 2849 1136 2936 ipse
1151 2848 1295 2928 uxorius,
1310 2847 1405 2912 illum

207 2953 294 3038 quod
315 2952 370 3016 illa
388 2952 465 3018 inde
487 2952 614 3038 pudica,
637 2962 671 3017 et
696 2953 811 3018 merito
832 2963 866 3017 et
891 2952 1104 3018 retributione
1116 2977 1125 3034 3
1154 2953 1244 3018 videt
1267 2952 1409 3016 clausam

208 3077 340 3133 errasse,
352 3054 484 3121 liberam
497 3078 531 3120 se
543 3055 706 3135 clausisse,
718 3057 806 3141 quod
816 3056 849 3119 in
859 3055 1027 3122 libidinem
1039 3041 1118 3120 exiit
1129 3056 1262 3135 inclusa,
1274 3054 1362 3141 quod
1374 3075 1409 3120 se

207 3159 292 3223 vallo
302 3158 467 3245 pudicitiae
478 3158 593 3223 clausit
604 3158 745 3235 exclusa,
756 3158 844 3245 quod
853 3181 925 3245 quse
934 3159 1044 3224 timuit
1054 3181 1132 3223 ausa
1141 3171 1202 3238 est,
1214 3181 1286 3245 quae
1296 3157 1409 3224 dilexit

207 3261 363 3346 neglexit3
380 3261 503 3326 mavult
511 3261 668 3327 beneficio
677 3261 865 3326 meritorum
875 3263 974 3326 amari
984 3285 1079 3349 quam
1090 3263 1224 3328 carceris
1234 3261 1408 3327 afflictione

207 3364 325 3443 timeri,
335 3363 432 3428 timor
447 3361 534 3428 enim
549 3363 706 3430 sollicitus
721 3373 773 3428 est
794 3386 835 3428 ne
851 3363 974 3446 timeat,
986 3387 1076 3430 amor
1091 3365 1206 3429 anxius
1220 3374 1259 3430 ut
1272 3372 1408 3428 ametur.

208 3465 314 3530 Solvit
342 3466 442 3551 igitur
470 3487 489 3527 a
517 3465 609 3529 freno
635 3465 833 3550 jumentum,
858 3475 897 3530 ut
926 3487 1119 3552 quocunque
1147 3467 1248 3530 fames
1274 3463 1410 3550 jusserit

206 3565 324 3654 pabula
339 3575 471 3652 quaerat,
486 3565 668 3630 ultroneam
683 3567 845 3632 extollens
857 3567 897 3632 ad
910 3577 996 3632 astra
1011 3567 1209 3652 pudicitiam,
1225 3565 1406 3632 castitatem

206 3671 358 3756 indagine
398 3679 545 3736 castrove
574 3681 718 3735 coactam
747 3671 878 3736 castrati
912 3671 1035 3735 meritis
1072 3672 1228 3758 aequalem
1251 3690 1408 3736 asserens.

206 3774 268 3840 Illa
293 3774 386 3839 vultu
410 3796 534 3853 severo,
547 3773 719 3861 verbisque
744 3773 932 3839 certissimis
959 3773 1188 3840 comitantibus
1203 3784 1238 3840 et
1252 3795 1324 3862 quse
1339 3794 1408 3838 rem

237 3951 254 3986 'ยน
271 3953 361 4004 Malea
377 3953 439 4019 (ttt.
458 3953 528 4004 Hau.
545 3970 572 4018 p.
589 3952 650 4018 627)
668 3953 790 4002 describes
823 3953 871 4001 aud
884 3958 927 4002 not
936 3953 1099 4018 immediately
1107 3955 1136 4004 ol
1145 3955 1188 4004 the
1197 3955 1266 4019 ling,
1277 3971 1306 4005 or
1315 3961 1340 4005 at
1348 3955 1410 4005 least

205 4036 248 4084 tha
264 4048 368 4084 vam
383 4049 410 4084 aa
427 4050 475 4086 oue
497 4036 524 4086 ia
545 4036 640 4099 dignity
657 4041 715 4084 next
734 4039 760 4084 to
776 4050 792 4084 a
824 4035 853 4084 ol
866 4035 907 4084 the
917 4034 1012 4099 lingas
1022 4037 1052 4086 ol
1064 4051 1096 4086 an
1108 4037 1203 4087 honour
1214 4053 1244 4088 or
1254 4053 1348 4100 maner,
1360 4039 1409 4089 aad

205 4116 292 4175 baron.
304 4131 351 4166 one
360 4116 414 4166 abo
422 4117 501 4168 either
512 4116 570 4166 bald
580 4115 609 4164 ol
617 4131 632 4166 a
643 4130 726 4166 meane
737 4115 791 4166 lord
825 4123 869 4166 not
881 4117 906 4166 in
915 4118 988 4168 cbict.
