3610 4852
222 513 343 579 ειμι]
589 514 637 560 us
662 515 773 562 nuois
797 517 1022 564 enarrarunt.
1343 498 1404 569 207

205 681 343 766 gratias!
367 679 465 745 hodie
487 681 643 767 capellam
661 684 735 768 jure
757 685 869 750 matris
885 685 1028 752 ecclesiia
1043 687 1083 750 de
1097 683 1287 750 Westburia
1301 683 1407 769 possi·

207 783 279 848 deo.
334 783 419 846 Tum
443 803 520 846 vero
546 783 616 847 risa
640 783 695 848 illa
719 785 926 852 facultatibus
952 798 985 853 et
1011 788 1132 853 deliciis
1159 786 1406 872 pertinentibus.

207 883 329 950 exorsit
343 885 377 947 in
398 882 518 947 rabiem
543 906 667 963 servus,
687 890 922 972 supposuitque
945 889 1051 954 zabuli
1068 888 1215 954 minister
1229 888 1263 952 in
1278 887 1406 952 assella-

207 987 305 1051 tionis
335 986 492 1051 foramine
521 987 654 1052 domino
686 1012 746 1054 suo
781 1013 859 1056 veru
887 992 1027 1056 ferreum
1057 1001 1189 1057 acutum
1216 1000 1250 1056 et
1276 990 1407 1075 grande,

207 1089 395 1176 precedens
424 1089 522 1153 etiam
551 1090 584 1153 in
614 1091 759 1156 adventu
783 1115 842 1158 suo
867 1117 942 1159 cum
966 1097 1037 1160 luce
1063 1097 1166 1158 multa
1190 1093 1407 1172 candelarum,

207 1191 285 1256 alias
300 1214 355 1256 eas
366 1192 464 1257 vertit
479 1201 516 1256 ut
530 1191 678 1257 incautus
693 1193 838 1262 irrueret.
884 1197 985 1262 Irruit
999 1219 1075 1284 ergo
1090 1197 1265 1282 lethalique
1274 1196 1407 1261 vulnere

208 1294 389 1372 confossus,
412 1291 488 1356 inde
518 1315 552 1357 se
573 1293 688 1358 deferri
710 1297 796 1376 fecit,
821 1307 854 1362 et
873 1298 907 1362 in
935 1299 1015 1377 Ros,
1037 1299 1110 1364 vico
1135 1298 1234 1382 regio,
1259 1296 1408 1374 decessit,

208 1417 305 1482 quem
321 1406 355 1460 et
369 1395 511 1460 ecclesiae
527 1397 687 1462 concessit
703 1398 947 1481 Herefordensi‚
970 1425 1068 1487 quem
1083 1411 1117 1466 et
1130 1402 1236 1466 adhuc
1251 1401 1407 1485 possidet.

209 1501 366 1584 Properat
387 1509 420 1563 et
443 1498 577 1562 Chauto
593 1521 705 1564 servus
720 1513 815 1582 astat,
830 1515 864 1568 et
878 1505 933 1584 ait,
956 1510 978 1542 “
994 1506 1099 1584 Salve,
1120 1525 1177 1568 rex
1196 1504 1330 1587 integer,
1353 1501 1409 1586 qui

210 1601 348 1668 semirex
369 1602 439 1667 heri
461 1603 570 1682 fuisti3
601 1613 634 1668 et
656 1613 694 1668 ut
713 1615 876 1671 auctorem
903 1619 968 1672 tura
993 1629 1179 1673 remuneres
1204 1605 1410 1690 integritatis

211 1706 303 1790 cujus
326 1727 426 1769 manu
447 1704 593 1769 sublatus
616 1717 668 1770 est
687 1717 764 1772 tuus
783 1709 899 1788 hostis,
924 1720 958 1775 et
976 1711 1092 1775 unicus
1107 1709 1237 1774 evulsus
1259 1730 1277 1772 e
1293 1707 1409 1772 terra.”

210 1807 304 1874 'ltine
323 1829 391 1887 rex,
414 1807 489 1872 lieet
508 1808 725 1888 tristissimus,
747 1810 874 1894 placido
890 1812 983 1875 vultu
1002 1810 1131 1876 retulit:
1155 1811 1283 1874 “Deus
1304 1809 1408 1874 bonel

211 1911 283 1996 quis
298 1909 378 1973 mihi
393 1919 459 1974 tam
475 1910 598 1975 amicus
613 1911 731 1990 extitit,
754 1922 791 1975 ut
804 1913 919 1976 faciam
939 1935 1014 1977 eum
1035 1913 1227 1997 praecelsum
1246 1933 1314 1997 proe
1333 1935 1410 1976 con·

212 2013 355 2078 sortibus
382 2011 492 2075 suis?”
538 2012 658 2076 Servus
681 2014 737 2091 ait,
764 2017 786 2050 “
801 2015 906 2098 Ego.''
951 2015 1045 2079 Tunc
1069 2037 1125 2078 rex
1148 2037 1222 2078 eum
1239 2013 1410 2080 sublimem

212 2116 282 2200 rapi
296 2114 382 2194 fecit,
404 2113 493 2178 etin
515 2114 672 2178 altissima
694 2137 814 2200 quercu
836 2117 1001 2202 suspendi,
1025 2116 1135 2182 debito
1153 2116 1332 2202 meritoque
1346 2117 1411 2181 fine

215 2239 393 2283 servorum.

258 2319 409 2384 Chnutus
432 2339 508 2404 ergo
529 2318 629 2383 libere
663 2321 838 2385 monarcha
862 2343 920 2406 per
941 2330 1088 2406 tempora
1113 2319 1253 2406 plurima
1282 2319 1412 2399 mansit,

213 2433 472 2508 operueruntque
506 2423 588 2487 Daci
624 2433 710 2488 totas
746 2423 867 2509 ubique
900 2425 1093 2509 provincias,
1131 2435 1165 2489 et
1200 2425 1411 2509 praevalentes

212 2525 357 2610 Angliois
379 2546 435 2589 eos
458 2523 500 2588 ad
528 2526 688 2610 pessimas
717 2525 876 2609 cogebant
906 2527 1090 2606 servitutes,
1121 2527 1218 2590 etiam
1242 2525 1412 2589 abutentes

213 2627 369 2692 uxoribus
399 2649 521 2706 carum,
550 2627 690 2706 filiabus,
728 2637 762 2691 et
794 2629 914 2715 neptis,
949 2631 1037 2714 quod
1067 2629 1248 2694 Godwinus
1280 2628 1413 2692 Chnuto

214 2751 290 2793 cum
306 2729 417 2793 multis
433 2730 569 2793 afferens
585 2728 768 2814 lachrymis,
780 2730 820 2793 ad
836 2730 958 2794 nullam
979 2731 1152 2794 exauditus
1168 2739 1219 2793 est
1233 2729 1346 2813 populi
1364 2730 1414 2793 sui

214 2832 449 2910 liberationem,
472 2842 507 2897 et
521 2833 625 2896 factus
641 2841 692 2895 est
706 2832 827 2916 pietate
843 2855 976 2897 suorum
998 2832 1117 2918 impius
1134 2843 1166 2898 et
1181 2832 1316 2896 immitis
1331 2833 1414 2917 regis

214 2935 381 3000 Dacorum
400 2935 515 3015 hostis,
537 2935 721 3021 restititque
743 2936 838 3020 regioe
858 2937 1013 3022 potestati
1042 2937 1186 3017 viriliter,
1209 2937 1295 3000 etin
1316 2936 1415 3020 pluri·

215 3037 278 3102 mis
308 3059 384 3101 eum
408 3037 472 3122 ipsi
502 3037 616 3102 dicunt
643 3038 850 3122 praevaluisse
879 3040 1116 3126 congressibus,
1145 3063 1260 3126 pacem
1290 3061 1417 3125 semper

217 3139 361 3224 Anglicis
373 3148 408 3203 et
417 3139 599 3204 libertatem
610 3159 758 3204 exorans.
796 3140 881 3205 Cum
896 3151 1005 3206 autern
1019 3142 1128 3227 ipsum
1146 3141 1297 3205 Chnutus
1306 3141 1417 3226 praelio

217 3242 299 3306 vidit
313 3243 575 3328 insuperabilem,
594 3263 706 3328 preces
728 3243 870 3323 admisit,
892 3255 930 3308 ut
943 3244 976 3308 id
992 3244 1067 3310 dolo
1084 3255 1230 3329 tempore
1245 3245 1333 3330 pacis
1349 3245 1417 3309 effi-

217 3356 314 3424 ceret,
338 3347 425 3430 quod
440 3347 472 3410 vi
482 3347 534 3410 vel
549 3355 618 3410 arte
632 3345 710 3410 belli
725 3368 791 3410 non
807 3347 926 3431 potuit,
946 3348 1086 3432 factique
1101 3357 1179 3410 sunt
1193 3348 1288 3412 amici
1306 3368 1418 3431 super·

217 3447 289 3513 ficie
303 3458 411 3528 tenus,
427 3459 461 3513 et
471 3448 602 3514 libertas
613 3450 741 3534 Anglira
753 3450 912 3513 restituta.
936 3449 1030 3535 Soepe
1043 3449 1190 3514 similiter
1204 3450 1285 3513 inita
1299 3450 1419 3513 foedera

219 3551 303 3615 sicut
322 3562 357 3615 et
377 3553 440 3618 hoc
454 3575 570 3638 rupere
586 3554 680 3633 Daci,
699 3552 794 3617 solito
811 3551 929 3616 saevius
946 3553 979 3615 in
994 3553 1148 3637 pristinas
1164 3553 1247 3638 lapsi
1261 3553 1418 3618 licentias.

220 3653 330 3720 Multo
350 3665 459 3720 tamen
481 3657 610 3721 duravit
630 3657 701 3721 hoec
723 3675 787 3740 pax
808 3666 954 3739 tempore
976 3678 1041 3740 quo
1057 3655 1209 3720 Chnutus
1233 3656 1268 3719 in
1293 3655 1419 3719 insidiis

219 3767 288 3821 erat
318 3757 489 3822 Godwino.
535 3758 773 3843 Frequentibus
803 3758 940 3822 xeniolis
967 3769 1000 3822 et
1025 3759 1175 3823 amicitiae
1199 3757 1419 3822 simultatibus

218 3858 315 3924 evicit
334 3859 375 3924 ab
398 3861 469 3946 ipso
490 3870 557 3924 tam
577 3861 664 3925 credi
690 3883 786 3945 quam
811 3869 845 3925 et
866 3861 976 3926 amari
1023 3861 1121 3927 Quod
1144 3872 1182 3925 ut
1203 3862 1271 3946 regi
1292 3860 1420 3946 plenius

217 3957 372 4039 innotuit,
395 3961 524 4026 vocavit
555 3983 650 4040 eum;
679 3971 756 4047 post
779 3961 881 4026 multa
904 3962 1042 4048 suspiria
1065 3961 1257 4046 crebrosque
1279 3961 1421 4046 gemitus

219 4064 284 4127 ait:
315 4068 338 4100 “
353 4064 405 4128 De
425 4076 533 4128 vestra
557 4086 668 4130 secure
691 4085 854 4150 praesumo
879 4066 984 4146 venia,
1008 4067 1161 4152 quoniam
1187 4076 1222 4130 et
1247 4089 1306 4152 ego
1327 4064 1421 4130 vobis

220 4166 330 4230 omnia
350 4167 458 4232 remisi
479 4191 551 4253 quae
570 4167 739 4234 discordiae
754 4167 841 4232 vices
860 4169 1016 4236 meruisse
1031 4171 1200 4251 videntur;
1224 4171 1295 4236 dico
1311 4169 1423 4234 viden-
