3650 4852
408 512 450 569 48
841 523 1031 567 cunarum
1057 520 1178 564 navas
1433 520 1555 583 [Darne.
1567 521 1590 570 1.

407 677 541 741 habenti
551 677 587 755 3⁵⁹
603 677 683 740 deus
697 696 821 750 eorum,
837 679 857 710 ‘⁴
871 674 898 738 si
913 693 980 737 non
995 672 1096 737 habes
1112 671 1193 735 duas
1202 670 1328 735 tunicas
1344 672 1432 736 aufer
1446 671 1613 736 habenti.'’

409 779 562 856 Noster,*
575 777 725 840 “Beatus
735 777 790 861 qui
800 777 950 861 intelligit
958 796 1056 860 super
1065 795 1204 858 egenum
1215 784 1249 839 et
1258 795 1434 859 pauperem
1440 775 1472 852 ;”
1488 795 1612 854 eorum,

409 881 557 945 “Beatus
567 880 623 965 qui
638 879 749 943 fecerit
763 901 900 964 egenum
917 888 951 943 et
965 878 1174 962 pauperem.’'
1219 877 1342 941 Noster
1354 878 1432 957 ait,†
1446 879 1526 942 “Ne
1541 901 1612 962 gra-

408 996 526 1048 ventur
540 983 765 1062 cordavestra,
780 980 948 1060 attendite,
964 979 1048 1045 curis
1064 980 1161 1064 hujus
1177 979 1286 1058 seculi,
1300 1001 1342 1043 ne
1358 981 1563 1066 superveniat
1576 982 1613 1045 in

408 1107 468 1151 voa
482 1087 670 1171 repentinus
686 1085 755 1149 dies
767 1085 805 1163 ;'’
830 1104 943 1148 eorum
957 1083 1047 1160 dicit,
1062 1082 1267 1146 “Attendite
1282 1104 1323 1146 ne
1338 1093 1512 1167 graventur
1527 1105 1612 1148 mar-

410 1188 503 1274 supia
517 1197 624 1252 vestra
646 1209 704 1272 per
729 1208 822 1251 curas
848 1185 947 1270 hujus
971 1184 1081 1262 seculi,
1107 1206 1149 1248 ne
1175 1185 1382 1269 superveniat
1395 1185 1430 1248 in
1443 1207 1504 1249 vos
1519 1185 1612 1269 quasi

408 1293 514 1358 viator
524 1289 682 1375 egestas.''
727 1289 850 1353 Noster
861 1287 970 1367 dicit,‡
983 1288 1118 1351 “Nemo
1130 1296 1240 1370 potest
1252 1289 1370 1352 servire
1379 1288 1452 1352 Deo
1464 1299 1498 1352 et
1509 1311 1611 1352 mam-

408 1417 507 1460 mona
515 1394 547 1474 ;''
570 1415 681 1457 eorum
697 1391 786 1470 dicit,
802 1392 944 1454 “Nemo
958 1398 1070 1474 potest
1085 1388 1203 1453 servire
1220 1389 1292 1452 Deo
1308 1390 1377 1453 sine
1392 1390 1610 1454 mammone.”

410 1495 520 1562 Multa
532 1497 661 1561 videtur
674 1495 760 1558 inter
774 1515 829 1556 eos
845 1491 1064 1556 controversia
1076 1491 1266 1575 hujusmodi
1280 1513 1377 1575 quam
1391 1513 1489 1556 nemo
1503 1491 1612 1577 potuit

409 1599 535 1684 exequi.
581 1595 716 1661 Habent
728 1596 763 1658 in
779 1593 949 1680 praeceptis
963 1603 1003 1656 ut
1013 1593 1084 1657 loca
1095 1592 1222 1657 deserta
1235 1593 1389 1674 incolant,
1401 1616 1474 1680 quse
1490 1594 1612 1659 scilicet

408 1702 463 1767 vel
483 1699 666 1766 invenerint
688 1697 763 1761 talia
778 1696 830 1761 vel
852 1695 1008 1774 fecerint3
1036 1694 1124 1759 unde
1138 1693 1178 1758 fit
1192 1695 1278 1759 utin
1298 1719 1523 1782 quamcunque
1537 1719 1611 1782 par-

409 1814 477 1868 tem
487 1801 651 1867 vocaveris
661 1781 728 1878 eos,
743 1798 914 1864 hominum
928 1797 1142 1883 frequentiam
1155 1809 1344 1884 sequuntur,
1354 1808 1388 1863 et
1397 1799 1512 1863 camin
1522 1798 1611 1864 brevi

314 1945 318 1952 ·
409 1913 560 1991 potenter
581 1903 615 1966 in
638 1899 847 1966 solitudinem
869 1901 1029 1984 redigunt,
1045 1901 1107 1964 etsi

702 2060 753 2093 non
763 2050 829 2094 recte
840 2045 934 2094 faciant
945 2059 1100 2107 quocumque
1111 2045 1186 2093 modo
1197 2049 1274 2104 rem,§

413 2180 446 2236 et
460 2193 479 2234 a
494 2191 561 2233 non
574 2168 666 2253 justo
681 2166 814 2231 domino
831 2175 945 2231 contra
969 2167 1146 2250 quamlibet
1168 2168 1430 2234 reclamationem
1450 2171 1611 2256 orphano·

409 2295 493 2352 rum,
510 2272 690 2348 viduarum,
711 2269 945 2354 religiosorum,
968 2269 1062 2333 datos
1077 2292 1170 2355 agros
1185 2281 1348 2356 gratanter
1367 2271 1610 2357 ingrediuntur3

410 2398 477 2441 non
493 2375 656 2460 quomodo
680 2394 737 2436 eos
760 2371 979 2457 adipiscantur
995 2372 1052 2436 aad
1067 2374 1232 2458 quomodo
1253 2375 1390 2439 retinere
1404 2376 1533 2440 valeant
1547 2376 1611 2440 sol-

408 2477 499 2556 liciti,
525 2486 558 2541 et
581 2475 656 2561 quia
670 2472 883 2559 parochianos
903 2495 1012 2559 regere
1035 2495 1101 2540 non
1116 2475 1238 2540 habent
1254 2477 1433 2541 secundum
1456 2478 1610 2562 regulam,

410 2579 574 2644 eradicant
591 2577 695 2655 villas,
725 2575 886 2655 ecclesias,
910 2576 1123 2660 parochianos
1152 2577 1296 2662 ejiciunt,
1327 2589 1477 2643 evertunt
1501 2581 1610 2644 altaria

409 2682 485 2760 Dei,
501 2701 605 2744 serere
622 2701 689 2742 non
705 2677 891 2754 abhorrent,
906 2686 939 2741 et
954 2679 996 2742 ad
1009 2679 1095 2742 viam
1117 2680 1257 2745 vomeris
1273 2680 1381 2744 omnia
1395 2681 1610 2766 complanare,

409 2794 448 2849 ut
464 2783 492 2846 si
505 2781 616 2848 videas
631 2801 703 2865 quae
718 2779 855 2858 videras,
871 2779 977 2844 dicere
992 2782 1110 2865 possis,

795 2905 870 2953 Nunc
881 2920 950 2968 aegea
961 2911 1000 2954 est
1010 2906 1053 2954 ubi
1064 2907 1139 2969 Troja
1150 2908 1221 2972 fuiti!

411 3016 468 3094 Et,
476 3023 514 3078 ut
529 3013 589 3079 soli
602 3012 678 3090 sint,
692 3010 901 3074 solitudinem
916 3010 1054 3091 faciunt3
1078 3022 1111 3076 et
1126 3033 1200 3076 cum
1216 3034 1282 3077 non
1297 3014 1392 3079 liceat
1403 3015 1450 3079 eis
1461 3015 1610 3101 proprios

410 3115 529 3181 habere
543 3115 766 3202 parochianos,
792 3113 868 3176 licet
882 3113 929 3177 eis
944 3113 1067 3178 alienos
1082 3114 1285 3199 disperdere3
1314 3140 1440 3183 servare
1455 3141 1522 3183 non
1537 3139 1610 3203 per-

410 3216 513 3282 mittit
529 3216 648 3302 regula,
674 3215 840 3280 destruere
865 3215 1022 3301 praecipit.
1082 3217 1200 3282 Omnis
1221 3219 1354 3285 invasor
1378 3221 1486 3306 aliquo
1512 3221 1610 3286 modo

409 3319 580 3386 miseretur
595 3327 628 3384 et
646 3318 767 3402 parcit3
790 3327 846 3382 aut
860 3319 948 3383 enim
964 3318 1026 3384 sibi
1041 3318 1165 3385 detinet
1189 3323 1277 3408 quod
1292 3324 1417 3389 invadit
1432 3333 1465 3388 et
1492 3332 1611 3402 servat,

442 3503 458 3535 ⁸
475 3504 540 3554 Psal.
553 3505 587 3564 xl,
600 3507 624 3552 2.
657 3504 749 3552 Beatus
767 3504 810 3566 qui
821 3503 938 3566 iutelligit
949 3519 991 3552 su·
1059 3511 1072 3566 5
1090 3507 1180 3557 Horat.
1193 3507 1275 3572 Epist.
1289 3509 1333 3558 lib.
1346 3509 1368 3558 1.
1385 3524 1425 3573 ep.
1439 3509 1456 3557 i.
1469 3508 1511 3558 65.

409 3603 455 3652 per
466 3601 570 3650 egenum
587 3592 613 3635 et
629 3600 778 3650 pauperem:
799 3586 827 3634 iu
838 3585 878 3634 dia
889 3585 954 3634 mala
964 3585 996 3634 li-
1062 3594 1080 3618 “
1093 3589 1152 3638 lana
1163 3590 1210 3639 tibi
1227 3589 1315 3638 melius
1333 3591 1430 3649 suadet,
1442 3591 1485 3654 qai
1502 3605 1554 3639 rem
1572 3590 1608 3639 fa-

408 3669 506 3718 berabit
517 3683 573 3717 eum
585 3668 720 3717 Dominus.
1126 3673 1185 3731 cias,
1204 3686 1266 3720 reru.

440 3749 534 3812 †Luc.
546 3749 596 3797 xxi.
609 3751 651 3797 34.
686 3746 814 3796 Attendite
824 3747 995 3806 antemvobis,
1063 3755 1090 3804 Si
1110 3755 1191 3820 possis
1209 3757 1291 3810 rectu
1319 3753 1341 3802 ai
1371 3767 1429 3811 non,
1454 3767 1610 3817 quocumque

408 3845 441 3879 aa
452 3830 516 3879 tarta
527 3837 660 3892 graventur
670 3829 745 3878 corda
755 3835 837 3878 vestra
854 3831 882 3879 in
892 3829 994 3892 crapula
1122 3835 1197 3885 modo
1209 3836 1285 3884 rens!¹

410 3917 436 3960 et
446 3910 565 3960 ebrietate
576 3916 601 3960 et
618 3912 685 3960 curia
702 3911 777 3972 hujus
790 3911 858 3970 vita,
870 3917 895 3960 et
906 3925 993 3974 auper-
1061 3925 1071 3980 q
1092 3919 1167 3968 ovid.
1180 3918 1263 3982 Epist.
1282 3917 1302 3966 i.
1324 3920 1366 3966 53.

408 3993 492 4040 veniat
502 3993 529 4038 ia
541 4006 585 4040 vos
596 3991 727 4055 repentina
736 3991 790 4042 dica
801 3991 852 4042 illa.
1093 4005 1110 4032 ι·
1121 4002 1178 4054 Jm
1192 4015 1261 4065 aegas
1273 4004 1311 4050 est
1320 3999 1364 4049 ubi
1374 3998 1449 4060 'Iroja
1459 3995 1538 4046 ruit.¹'

443 4072 458 4128 ἶ
475 4070 570 4120 Manu.
582 4072 615 4123 vi.
627 4074 668 4120 2⁴.
