3610 4852
395 513 457 572 216
822 533 1010 579 cunarum
1035 533 1156 577 naras
1417 530 1581 592 [Distinet.

394 697 558 761 Dominus
573 707 681 762 autem
695 709 781 780 tuus,
798 723 854 766 rex
868 702 1005 787 Angue,
1028 700 1081 766 cui
1096 699 1176 764 nihil
1191 700 1293 778 deest,
1308 698 1468 776 homines,
1483 718 1595 783 equos,

394 821 506 862 aurum
535 809 568 864 et
590 801 738 882 sericum,
761 825 904 886 gemmas
919 813 953 867 et
968 804 1092 867 fructus
1107 801 1238 865 etseras
1260 808 1294 864 et
1308 797 1418 863 omnia
1439 800 1595 884 possidet.

394 901 465 964 Nos
482 899 513 963 in
531 901 666 967 Francia
680 904 761 968 nihil
776 903 934 968 habemus
951 903 1015 968 nisi
1039 923 1155 988 panem
1178 910 1212 965 et
1226 901 1340 965 vinum
1355 910 1389 964 et
1408 901 1595 985 gaudium.”

396 1003 469 1067 Hoc
484 1005 618 1068 verbum
642 1005 764 1086 notavi,
786 1007 861 1092 quia
880 1007 1016 1071 comiter
1037 1017 1071 1070 et
1085 1026 1160 1070 vere
1175 1005 1310 1069 dictum.
1356 1001 1493 1067 Circiter
1514 1003 1594 1068 illud

392 1114 522 1191 tempus
543 1129 617 1172 cum
633 1108 674 1171 ad
689 1109 861 1173 concilium
877 1109 991 1173 Romae
1007 1106 1068 1171 sub
1093 1105 1278 1170 Alexandro
1292 1127 1377 1190 papa
1400 1106 1496 1170 tertio
1512 1107 1594 1171 cele-

391 1206 550 1270 brandum
574 1220 738 1295 praecepto
761 1211 885 1275 domini
911 1209 994 1293 regis
1010 1209 1135 1293 Angliae
1155 1207 1352 1287 festinarem,
1376 1207 1519 1293 suscepit
1541 1231 1592 1273 me

391 1310 536 1394 hospitio
566 1334 675 1378 comes
703 1313 901 1399 Campaniae,
928 1312 1091 1378 Henricus
1116 1311 1203 1375 filius
1228 1309 1415 1389 Teobaldi,*
1446 1310 1591 1375 omnium

390 1413 602 1498 largissimus,
624 1415 670 1479 ita
684 1426 722 1480 ut
736 1417 847 1480 multis
870 1417 1024 1501 prodigus
1038 1414 1212 1494 videretur,
1239 1414 1329 1478 omni
1355 1414 1442 1478 enim
1467 1413 1591 1498 petenti

391 1516 554 1580 tribuebat
561 1542 571 1597 ;
592 1526 625 1582 et
639 1517 723 1581 inter
737 1517 984 1602 colloquendum
1001 1517 1153 1582 laudabat
1168 1515 1381 1602 Reginaldum
1397 1515 1437 1580 de
1452 1515 1591 1590 Muzun,

390 1628 544 1703 nepotem
560 1639 667 1698 suum,
677 1621 711 1682 in
722 1619 873 1683 omnibus
889 1628 1024 1703 excepto
1040 1619 1127 1704 quod
1143 1641 1240 1703 supra
1251 1619 1385 1682 modum
1393 1618 1499 1702 largus
1512 1627 1590 1682 erat.

391 1720 463 1804 Ego
478 1742 554 1784 vero
571 1721 675 1785 sciens
689 1721 799 1806 ipsum
811 1721 962 1785 comitem
979 1731 1044 1785 tam
1059 1721 1185 1805 largum
1200 1729 1238 1784 ut
1251 1719 1405 1805 prodigus
1417 1718 1589 1798 videretur,

391 1821 561 1886 subridens
574 1822 707 1906 quoesivi
720 1823 747 1886 si
760 1822 855 1888 sciret
864 1823 933 1907 ipse
943 1823 1099 1886 terminos
1110 1821 1276 1905 largitatis.
1300 1821 1492 1906 Respondit,
1498 1821 1590 1886 “Ubi

389 1924 499 1989 deficit
513 1925 601 2010 quod
617 1925 685 1990 dari
699 1927 815 2011 possit,
829 1924 874 1990 ibi
890 1926 1047 1990 terminus
1070 1934 1137 2000 est;
1161 1925 1239 1989 Non
1255 1933 1305 1988 est
1325 1924 1412 1988 enim
1433 1925 1589 2010 largitatis

389 2029 527 2113 turpiter
541 2051 681 2114 quaerere
697 2030 786 2114 quod
800 2029 866 2094 dari
882 2029 1019 2114 possit.’'
1064 2028 1150 2092 Mihi
1164 2038 1250 2092 certe
1264 2027 1393 2091 videtur
1407 2029 1470 2093 hoc
1485 2029 1587 2094 facete

389 2130 511 2194 dictum
516 2156 526 2210 3
542 2153 618 2194 nam
634 2131 661 2194 si
677 2130 759 2196 male
775 2131 891 2216 quaeris
906 2140 944 2193 ut
956 2130 1023 2205 des,
1039 2152 1153 2193 avarus
1169 2151 1204 2192 es
1219 2139 1257 2192 ut
1268 2129 1312 2192 sis
1326 2128 1443 2214 largus.
1479 2130 1589 2214 Hujus

387 2233 535 2319 praedicti
547 2233 705 2298 Ludcvici
720 2234 883 2318 patrisque
896 2233 946 2297 sui
958 2233 1059 2296 multa
1067 2233 1130 2297 fuit
1139 2233 1174 2296 in
1183 2233 1275 2296 factis
1289 2233 1455 2316 sapientia,
1465 2233 1589 2318 simpli-

387 2336 467 2400 citas
479 2337 512 2398 in
529 2336 633 2400 dictis.
680 2337 745 2400 Hic
760 2347 883 2401 tantam
898 2337 971 2400 Deo
986 2335 1198 2400 reverentiam
1213 2334 1363 2414 habebat,
1384 2344 1424 2398 ut
1438 2336 1588 2419 quotiens

387 2439 508 2524 aliquid
523 2440 709 2505 emersisset
723 2461 838 2518 causae,
848 2440 935 2524 quod
950 2439 1058 2523 ipsum
1074 2449 1108 2502 et
1122 2439 1289 2503 ecclesiam
1304 2437 1492 2523 contigeret,
1504 2439 1588 2503 sicut

387 2562 472 2605 unus
491 2542 719 2606 canonicorum
734 2564 869 2606 censura
885 2564 920 2605 se
935 2541 1066 2625 capituli
1082 2539 1310 2604 moderabatur
1324 2550 1357 2604 et
1372 2540 1555 2625 appellabat
1568 2562 1588 2604 a

385 2646 579 2728 gravamine.
625 2647 703 2709 Mos
719 2647 791 2730 ejus
817 2654 886 2710 erat
902 2645 989 2730 quod
1012 2643 1068 2707 ubi
1091 2643 1248 2707 sensisset
1263 2664 1415 2706 somnum
1431 2642 1586 2728 obrepere

386 2748 564 2832 quiesceret
577 2750 699 2815 ibidem
722 2761 779 2814 aut
792 2772 904 2836 prope.
950 2747 1175 2812 Dormientem
1193 2769 1267 2810 eum
1289 2747 1385 2831 juxta
1409 2769 1525 2810 nemus
1551 2747 1585 2810 in

384 2851 509 2930 umbra,
534 2853 662 2918 duobus
678 2864 805 2918 tantum
821 2852 978 2918 militibus
993 2851 1193 2929 comitatum,
1209 2873 1284 2914 nam
1300 2851 1407 2916 caeteri
1422 2851 1583 2919 venaban-

384 2961 449 3029 tur,
472 2953 598 3017 invenit
620 2977 729 3018 comes
750 2953 971 3032 Theobaldus,
994 2953 1086 3037 cujus
1110 2953 1180 3037 ipse
1203 2974 1346 3017 sororem
1370 2953 1538 3034 duxerat,†
1553 2971 1585 3022 et

385 3055 553 3138 castigavit
567 3078 609 3120 ne
632 3066 699 3120 tam
726 3058 813 3120 solus
836 3056 1003 3135 dormiret,
1018 3079 1084 3120 non
1100 3056 1186 3118 enim
1203 3055 1338 3120 decebat
1353 3077 1471 3140 regem.
1526 3059 1585 3125 Ille

383 3158 562 3241 respondit,
585 3160 758 3224 “Dormio
785 3181 895 3224 secure
922 3161 1022 3237 solus,
1044 3159 1119 3244 quia
1139 3181 1235 3223 nemo
1251 3159 1331 3224 mihi
1346 3159 1467 3224 malum
1481 3162 1583 3236 uult!

383 3259 566 3344 Responsio
582 3261 730 3346 simplex,
752 3283 905 3346 puraeque
921 3261 1127 3326 conscientiae
1142 3262 1290 3326 verbum.
1336 3263 1418 3329 Quis
1442 3264 1504 3328 hoc
1528 3286 1584 3329 rex

382 3362 423 3426 de
436 3385 469 3426 se
484 3365 651 3448 praesumit
666 3365 767 3430 alius?
794 3365 857 3428 Hic
873 3375 938 3428 tam
950 3364 1091 3450 benigno
1103 3366 1211 3429 favore
1220 3364 1351 3429 clericos
1361 3367 1583 3451 promovebat,

380 3476 418 3529 ut
433 3467 473 3530 ab
489 3468 641 3538 omnibus
657 3469 887 3532 christianismi
899 3468 1019 3532 finibus
1036 3467 1096 3532 sub
1112 3468 1184 3552 ipso
1202 3469 1343 3534 Parisios
1360 3471 1583 3552 convenirent,

380 3577 414 3632 et
429 3567 490 3632 sub
506 3569 626 3633 alarum
642 3571 711 3654 ejus
727 3569 920 3634 umbratam
935 3570 1048 3646 nutriti
1063 3592 1159 3654 quam
1175 3571 1311 3655 protecti
1328 3572 1583 3656 perduraverunt

379 3669 413 3733 in
430 3670 548 3734 scholis
563 3671 597 3733 in
610 3671 694 3734 diem
711 3673 808 3736 hunc.
854 3673 943 3736 Dum
959 3692 1034 3756 ergo
1050 3695 1109 3756 ego
1125 3695 1198 3736 cum
1215 3673 1337 3736 caeteris
1358 3696 1482 3739 moram
1497 3677 1582 3740 face-

378 3792 447 3834 rem
462 3770 497 3834 in
513 3771 632 3836 scholis
647 3772 704 3852 ibi,
727 3773 907 3837 ditissimus
928 3773 1119 3838 Judaeorum
1131 3775 1278 3838 omnium
1294 3774 1438 3840 Franciae
1453 3798 1582 3860 proces·

410 3973 426 4006 *
444 3976 530 4040 Henry
542 3977 564 4027 1.
578 3983 654 4026 count
666 3978 695 4026 ot
705 3978 871 4041 champagne,
881 3992 926 4025 sou
937 3977 965 4026 ct
1027 3981 1046 4034 †
1064 3977 1140 4026 Louis
1151 3978 1174 4026 le
1185 3977 1266 4026 Jeune
1278 3977 1390 4038 married,
1401 3979 1427 4027 in
1439 3981 1511 4040 1160,
1525 3982 1583 4030 trix

378 4061 501 4110 'Iheobald
520 4059 566 4108 IV.
585 4075 613 4108 or
629 4061 670 4109 the
688 4059 772 4117 Great,
790 4061 888 4122 reigned
899 4061 962 4108 from
996 4060 1115 4122 daughter
1125 4060 1154 4109 ot
1162 4061 1289 4110 Theobald
1308 4061 1350 4109 the
1363 4059 1447 4120 Great,
1460 4069 1538 4112 count
1555 4063 1586 4112 of

378 4145 564 4194 1152t01181.
997 4142 1162 4205 champagne,
1176 4143 1231 4190 who
1242 4157 1289 4191 aaa
1307 4143 1345 4191 bis
1356 4143 1422 4190 third
1432 4144 1497 4193 wite.
