<?xml version="1.0" encoding="UTF-8"?>
<!DOCTYPE html PUBLIC "-//W3C//DTD XHTML 1.0 Transitional//EN"
    "http://www.w3.org/TR/xhtml1/DTD/xhtml1-transitional.dtd">
<html xmlns="http://www.w3.org/1999/xhtml" xml:lang="en" lang="en">
 <head>
  <title>
</title>
<meta http-equiv="Content-Type" content="text/html;charset=utf-8" />
  <meta name='ocr-system' content='tesseract 3.04.00' />
  <meta name='ocr-capabilities' content='ocr_page ocr_carea ocr_par ocr_line ocrx_word'/>
</head>
<body>
  <div class='ocr_page' id='page_1' title='image "./gualterimapesde00mapgoog/gualterimapesde00mapgoog_0170.png"; bbox 0 0 3608 4862; ppageno 0'>
   <div class='ocr_carea' id='block_1_1' title="bbox 260 517 1435 600">
    <p class='ocr_par' dir='ltr' id='par_1_1' title="bbox 260 517 1435 600">
     <span class='ocr_line' id='line_1_1' title="bbox 260 517 1435 600; baseline -0.001 -23"><span class='ocrx_word' id='word_1_1' title='bbox 260 533 382 600; x_wconf 54' lang='lat' dir='ltr'><strong>apin]</strong></span> <span class='ocrx_word' id='word_1_2' title='bbox 622 531 670 575; x_wconf 83' lang='lat' dir='ltr'><strong>us</strong></span> <span class='ocrx_word' id='word_1_3' title='bbox 694 529 804 576; x_wconf 82' lang='lat' dir='ltr'><strong>noers</strong></span> <span class='ocrx_word' id='word_1_4' title='bbox 828 531 1053 576; x_wconf 74' lang='lat' dir='ltr'><strong>cuarauruu.</strong></span> <span class='ocrx_word' id='word_1_5' title='bbox 1372 517 1435 576; x_wconf 80' lang='grc'><strong>149</strong></span> 
     </span>
    </p>
   </div>
   <div class='ocr_carea' id='block_1_2' title="bbox 226 697 1440 2846">
    <p class='ocr_par' dir='ltr' id='par_1_2' title="bbox 226 697 1440 2846">
     <span class='ocr_line' id='line_1_2' title="bbox 226 697 1425 786; baseline -0.001 -19"><span class='ocrx_word' id='word_1_6' title='bbox 226 715 260 768; x_wconf 89' lang='lat' dir='ltr'><strong>te</strong></span> <span class='ocrx_word' id='word_1_7' title='bbox 274 711 400 786; x_wconf 89' lang='lat' dir='ltr'><strong>premat</strong></span> <span class='ocrx_word' id='word_1_8' title='bbox 414 701 539 766; x_wconf 88' lang='lat' dir='ltr'><strong>calceus</strong></span> <span class='ocrx_word' id='word_1_9' title='bbox 552 699 608 784; x_wconf 91' lang='lat' dir='ltr'><strong>qui</strong></span> <span class='ocrx_word' id='word_1_10' title='bbox 618 699 712 764; x_wconf 88' lang='lat' dir='ltr'><strong>avelli</strong></span> <span class='ocrx_word' id='word_1_11' title='bbox 727 721 794 764; x_wconf 91' lang='lat' dir='ltr'><strong>non</strong></span> <span class='ocrx_word' id='word_1_12' title='bbox 809 701 951 784; x_wconf 82' lang='lat' dir='ltr'><strong>potest*</strong></span> <span class='ocrx_word' id='word_1_13' title='bbox 994 699 1053 764; x_wconf 92' lang='lat' dir='ltr'><strong>Ait</strong></span> <span class='ocrx_word' id='word_1_14' title='bbox 1068 697 1151 764; x_wconf 87' lang='lat' dir='ltr'><strong>Cato</strong></span> <span class='ocrx_word' id='word_1_15' title='bbox 1167 697 1344 780; x_wconf 88' lang='lat' dir='ltr'><strong>Uticensis,</strong></span> <span class='ocrx_word' id='word_1_16' title='bbox 1356 705 1376 737; x_wconf 92' lang='lat'>“</span> <span class='ocrx_word' id='word_1_17' title='bbox 1390 701 1425 766; x_wconf 89' lang='lat' dir='ltr'><strong>Si</strong></span> 
     </span>
     <span class='ocr_line' id='line_1_3' title="bbox 227 803 1429 890; baseline -0.002 -19"><span class='ocrx_word' id='word_1_18' title='bbox 227 807 349 890; x_wconf 78' lang='lat' dir='ltr'>absque</span> <span class='ocrx_word' id='word_1_19' title='bbox 363 805 496 870; x_wconf 83' lang='lat' dir='ltr'><strong>ioemina</strong></span> <span class='ocrx_word' id='word_1_20' title='bbox 510 813 623 890; x_wconf 86' lang='lat' dir='ltr'><strong>posset</strong></span> <span class='ocrx_word' id='word_1_21' title='bbox 636 809 732 878; x_wconf 87' lang='lat' dir='ltr'><strong>esse†</strong></span> <span class='ocrx_word' id='word_1_22' title='bbox 748 804 900 880; x_wconf 88' lang='lat' dir='ltr'><strong>mundus,</strong></span> <span class='ocrx_word' id='word_1_23' title='bbox 915 803 1117 868; x_wconf 86' lang='lat' dir='ltr'><strong>conversatio</strong></span> <span class='ocrx_word' id='word_1_24' title='bbox 1133 812 1244 866; x_wconf 88' lang='lat' dir='ltr'><strong>nostra</strong></span> <span class='ocrx_word' id='word_1_25' title='bbox 1258 824 1324 867; x_wconf 90' lang='lat' dir='ltr'><strong>non</strong></span> <span class='ocrx_word' id='word_1_26' title='bbox 1340 814 1429 868; x_wconf 85' lang='lat' dir='ltr'><strong>essct</strong></span> 
     </span>
     <span class='ocr_line' id='line_1_4' title="bbox 229 904 1431 995; baseline -0.002 -22"><span class='ocrx_word' id='word_1_27' title='bbox 229 909 350 995; x_wconf 80' lang='lat' dir='ltr'><strong>absque</strong></span> <span class='ocrx_word' id='word_1_28' title='bbox 365 909 458 974; x_wconf 86' lang='lat' dir='ltr'><strong>diis.&#39;&#39;</strong></span> <span class='ocrx_word' id='word_1_29' title='bbox 502 907 627 986; x_wconf 85' lang='lat' dir='ltr'><strong>Amice,</strong></span> <span class='ocrx_word' id='word_1_30' title='bbox 644 907 728 971; x_wconf 88' lang='lat' dir='ltr'><strong>Cato</strong></span> <span class='ocrx_word' id='word_1_31' title='bbox 749 929 815 972; x_wconf 92' lang='lat' dir='ltr'><strong>non</strong></span> <span class='ocrx_word' id='word_1_32' title='bbox 838 907 902 971; x_wconf 90' lang='lat' dir='ltr'><strong>nisi</strong></span> <span class='ocrx_word' id='word_1_33' title='bbox 923 928 1018 971; x_wconf 88' lang='lat' dir='ltr'><strong>sensa</strong></span> <span class='ocrx_word' id='word_1_34' title='bbox 1032 916 1066 972; x_wconf 92' lang='lat' dir='ltr'><strong>et</strong></span> <span class='ocrx_word' id='word_1_35' title='bbox 1080 905 1209 990; x_wconf 83' lang='lat' dir='ltr'><strong>cognita</strong></span> <span class='ocrx_word' id='word_1_36' title='bbox 1228 904 1431 990; x_wconf 79' lang='lat' dir='ltr'><strong>loquebatur,</strong></span> 
     </span>
     <span class='ocr_line' id='line_1_5' title="bbox 231 1008 1433 1098; baseline -0.002 -22"><span class='ocrx_word' id='word_1_37' title='bbox 231 1034 291 1077; x_wconf 92' lang='lat' dir='ltr'><strong>uec</strong></span> <span class='ocrx_word' id='word_1_38' title='bbox 313 1012 482 1098; x_wconf 88' lang='lat' dir='ltr'><strong>quisquam</strong></span> <span class='ocrx_word' id='word_1_39' title='bbox 505 1009 709 1076; x_wconf 73' lang='lat' dir='ltr'><strong>faeminarum</strong></span> <span class='ocrx_word' id='word_1_40' title='bbox 732 1020 898 1075; x_wconf 80' lang='lat' dir='ltr'><strong>execratur</strong></span> <span class='ocrx_word' id='word_1_41' title='bbox 919 1010 1067 1088; x_wconf 88' lang='lat' dir='ltr'><strong>ludibria,</strong></span> <span class='ocrx_word' id='word_1_42' title='bbox 1086 1008 1150 1072; x_wconf 91' lang='lat' dir='ltr'><strong>nisi</strong></span> <span class='ocrx_word' id='word_1_43' title='bbox 1172 1009 1274 1088; x_wconf 88' lang='lat' dir='ltr'><strong>lusus,</strong></span> <span class='ocrx_word' id='word_1_44' title='bbox 1295 1009 1357 1073; x_wconf 90' lang='lat' dir='ltr'><strong>nisi</strong></span> <span class='ocrx_word' id='word_1_45' title='bbox 1378 1032 1433 1074; x_wconf 85' lang='lat' dir='ltr'><strong>ex·</strong></span> 
     </span>
     <span class='ocr_line' id='line_1_6' title="bbox 233 1113 1433 1202; baseline -0.002 -22"><span class='ocrx_word' id='word_1_46' title='bbox 233 1125 358 1202; x_wconf 89' lang='lat' dir='ltr'><strong>pertus,</strong></span> <span class='ocrx_word' id='word_1_47' title='bbox 373 1115 436 1179; x_wconf 89' lang='lat' dir='ltr'><strong>nisi</strong></span> <span class='ocrx_word' id='word_1_48' title='bbox 458 1135 563 1200; x_wconf 84' lang='lat' dir='ltr'><strong>poenae</strong></span> <span class='ocrx_word' id='word_1_49' title='bbox 585 1113 746 1178; x_wconf 88' lang='lat' dir='ltr'><strong>conscius.</strong></span> <span class='ocrx_word' id='word_1_50' title='bbox 792 1113 866 1178; x_wconf 90' lang='lat' dir='ltr'><strong>Hiis</strong></span> <span class='ocrx_word' id='word_1_51' title='bbox 888 1113 985 1178; x_wconf 85' lang='lat' dir='ltr'><strong>fidem</strong></span> <span class='ocrx_word' id='word_1_52' title='bbox 1009 1113 1127 1178; x_wconf 85' lang='lat' dir='ltr'><strong>habere</strong></span> <span class='ocrx_word' id='word_1_53' title='bbox 1150 1114 1253 1191; x_wconf 87' lang='lat' dir='ltr'><strong>decet,</strong></span> <span class='ocrx_word' id='word_1_54' title='bbox 1268 1113 1344 1198; x_wconf 90' lang='lat' dir='ltr'><strong>quia</strong></span> <span class='ocrx_word' id='word_1_55' title='bbox 1358 1135 1433 1178; x_wconf 91' lang='lat' dir='ltr'><strong>cum</strong></span> 
     </span>
     <span class='ocr_line' id='line_1_7' title="bbox 232 1213 1435 1301; baseline -0.002 -18"><span class='ocrx_word' id='word_1_56' title='bbox 232 1218 323 1284; x_wconf 91' lang='lat' dir='ltr'><strong>omni</strong></span> <span class='ocrx_word' id='word_1_57' title='bbox 342 1217 477 1282; x_wconf 89' lang='lat' dir='ltr'><strong>veritate</strong></span> <span class='ocrx_word' id='word_1_58' title='bbox 499 1217 698 1301; x_wconf 83' lang='lat' dir='ltr'><strong>loquuntur3</strong></span> <span class='ocrx_word' id='word_1_59' title='bbox 719 1215 765 1278; x_wconf 90' lang='lat' dir='ltr'><strong>hii</strong></span> <span class='ocrx_word' id='word_1_60' title='bbox 781 1215 898 1294; x_wconf 88' lang='lat' dir='ltr'><strong>sciunt,</strong></span> <span class='ocrx_word' id='word_1_61' title='bbox 913 1225 951 1280; x_wconf 89' lang='lat' dir='ltr'><strong>ut</strong></span> <span class='ocrx_word' id='word_1_62' title='bbox 973 1215 1079 1300; x_wconf 86' lang='lat' dir='ltr'><strong>placet</strong></span> <span class='ocrx_word' id='word_1_63' title='bbox 1102 1213 1238 1280; x_wconf 88' lang='lat' dir='ltr'><strong>delectio</strong></span> <span class='ocrx_word' id='word_1_64' title='bbox 1264 1225 1298 1279; x_wconf 91' lang='lat' dir='ltr'><strong>et</strong></span> <span class='ocrx_word' id='word_1_65' title='bbox 1319 1216 1435 1301; x_wconf 82' lang='lat' dir='ltr'><strong>pungit</strong></span> 
     </span>
     <span class='ocr_line' id='line_1_8' title="bbox 233 1317 1434 1402; baseline -0.002 -17"><span class='ocrx_word' id='word_1_66' title='bbox 233 1321 398 1385; x_wconf 87' lang='lat' dir='ltr'><strong>dilectum.</strong></span> <span class='ocrx_word' id='word_1_67' title='bbox 444 1318 503 1382; x_wconf 89' lang='lat' dir='ltr'><strong>Hii</strong></span> <span class='ocrx_word' id='word_1_68' title='bbox 527 1326 648 1381; x_wconf 89' lang='lat' dir='ltr'><strong>norunt</strong></span> <span class='ocrx_word' id='word_1_69' title='bbox 663 1317 750 1401; x_wconf 92' lang='lat' dir='ltr'><strong>quod</strong></span> <span class='ocrx_word' id='word_1_70' title='bbox 774 1317 835 1382; x_wconf 89' lang='lat' dir='ltr'><strong>flos</strong></span> <span class='ocrx_word' id='word_1_71' title='bbox 856 1317 992 1381; x_wconf 87' lang='lat' dir='ltr'><strong>Veneris</strong></span> <span class='ocrx_word' id='word_1_72' title='bbox 1017 1338 1090 1381; x_wconf 91' lang='lat' dir='ltr'><strong>rosa</strong></span> <span class='ocrx_word' id='word_1_73' title='bbox 1113 1326 1173 1395; x_wconf 89' lang='lat' dir='ltr'><strong>est,</strong></span> <span class='ocrx_word' id='word_1_74' title='bbox 1197 1317 1271 1400; x_wconf 88' lang='lat' dir='ltr'><strong>quia</strong></span> <span class='ocrx_word' id='word_1_75' title='bbox 1287 1317 1348 1380; x_wconf 92' lang='lat' dir='ltr'><strong>sub</strong></span> <span class='ocrx_word' id='word_1_76' title='bbox 1363 1318 1434 1402; x_wconf 88' lang='lat' dir='ltr'><strong>ejus</strong></span> 
     </span>
     <span class='ocr_line' id='line_1_9' title="bbox 232 1419 1433 1508; baseline -0.001 -22"><span class='ocrx_word' id='word_1_77' title='bbox 232 1444 376 1508; x_wconf 89' lang='lat' dir='ltr'><strong>purpura</strong></span> <span class='ocrx_word' id='word_1_78' title='bbox 405 1420 499 1486; x_wconf 90' lang='lat' dir='ltr'><strong>multi</strong></span> <span class='ocrx_word' id='word_1_79' title='bbox 527 1420 630 1484; x_wconf 86' lang='lat' dir='ltr'><strong>latent</strong></span> <span class='ocrx_word' id='word_1_80' title='bbox 659 1419 770 1485; x_wconf 89' lang='lat' dir='ltr'><strong>aculei.</strong></span> <span class='ocrx_word' id='word_1_81' title='bbox 815 1419 971 1485; x_wconf 84' lang='lat' dir='ltr'><strong>Metellus</strong></span> <span class='ocrx_word' id='word_1_82' title='bbox 1001 1419 1108 1485; x_wconf 88' lang='lat' dir='ltr'><strong>Mario</strong></span> <span class='ocrx_word' id='word_1_83' title='bbox 1133 1420 1317 1504; x_wconf 85' lang='lat' dir='ltr'><strong>respondit,</strong></span> <span class='ocrx_word' id='word_1_84' title='bbox 1341 1421 1433 1504; x_wconf 88' lang='lat' dir='ltr'><strong>cujus</strong></span> 
     </span>
     <span class='ocr_line' id='line_1_10' title="bbox 233 1523 1433 1609; baseline -0.005 -16"><span class='ocrx_word' id='word_1_85' title='bbox 233 1528 331 1592; x_wconf 88' lang='lat' dir='ltr'><strong>liliam</strong></span> <span class='ocrx_word' id='word_1_86' title='bbox 352 1527 427 1591; x_wconf 90' lang='lat' dir='ltr'><strong>dote</strong></span> <span class='ocrx_word' id='word_1_87' title='bbox 443 1524 588 1602; x_wconf 89' lang='lat' dir='ltr'><strong>divitem,</strong></span> <span class='ocrx_word' id='word_1_88' title='bbox 611 1524 715 1587; x_wconf 78' lang='lat' dir='ltr'><strong>formo</strong></span> <span class='ocrx_word' id='word_1_89' title='bbox 737 1523 891 1602; x_wconf 91' lang='lat' dir='ltr'><strong>nobilem,</strong></span> <span class='ocrx_word' id='word_1_90' title='bbox 916 1545 1031 1609; x_wconf 84' lang='lat' dir='ltr'><strong>genere</strong></span> <span class='ocrx_word' id='word_1_91' title='bbox 1046 1524 1174 1602; x_wconf 89' lang='lat' dir='ltr'><strong>claram,</strong></span> <span class='ocrx_word' id='word_1_92' title='bbox 1198 1523 1284 1586; x_wconf 88' lang='lat' dir='ltr'><strong>fama</strong></span> <span class='ocrx_word' id='word_1_93' title='bbox 1297 1523 1433 1604; x_wconf 87' lang='lat' dir='ltr'><strong>felicem,</strong></span> 
     </span>
     <span class='ocr_line' id='line_1_11' title="bbox 234 1625 1433 1712; baseline -0.003 -18"><span class='ocrx_word' id='word_1_94' title='bbox 234 1631 349 1695; x_wconf 91' lang='lat' dir='ltr'><strong>ducere</strong></span> <span class='ocrx_word' id='word_1_95' title='bbox 364 1627 479 1705; x_wconf 87' lang='lat' dir='ltr'><strong>noluit,</strong></span> <span class='ocrx_word' id='word_1_96' title='bbox 492 1632 513 1666; x_wconf 89' lang='lat'><strong><em>“</em></strong></span> <span class='ocrx_word' id='word_1_97' title='bbox 527 1627 618 1691; x_wconf 86' lang='lat' dir='ltr'><strong>Malo</strong></span> <span class='ocrx_word' id='word_1_98' title='bbox 630 1647 722 1690; x_wconf 90' lang='lat' dir='ltr'><strong>meus</strong></span> <span class='ocrx_word' id='word_1_99' title='bbox 734 1647 804 1690; x_wconf 86' lang='lat' dir='ltr'><strong>esse</strong></span> <span class='ocrx_word' id='word_1_100' title='bbox 817 1648 912 1712; x_wconf 87' lang='lat' dir='ltr'><strong>quam</strong></span> <span class='ocrx_word' id='word_1_101' title='bbox 923 1628 1036 1690; x_wconf 88' lang='lat' dir='ltr'><strong>suus.&#39;’</strong></span> <span class='ocrx_word' id='word_1_102' title='bbox 1067 1625 1130 1690; x_wconf 89' lang='lat' dir='ltr'><strong>Cui</strong></span> <span class='ocrx_word' id='word_1_103' title='bbox 1142 1625 1278 1700; x_wconf 89' lang='lat' dir='ltr'><strong>Marius,</strong></span> <span class='ocrx_word' id='word_1_104' title='bbox 1295 1630 1316 1663; x_wconf 91' lang='lat'>“</span> <span class='ocrx_word' id='word_1_105' title='bbox 1326 1626 1433 1691; x_wconf 90' lang='lat' dir='ltr'><strong>Immo</strong></span> 
     </span>
     <span class='ocr_line' id='line_1_12' title="bbox 234 1727 1434 1818; baseline -0.004 -22"><span class='ocrx_word' id='word_1_106' title='bbox 234 1733 305 1818; x_wconf 85' lang='lat' dir='ltr'><strong>ipsa</strong></span> <span class='ocrx_word' id='word_1_107' title='bbox 333 1730 395 1795; x_wconf 90' lang='lat' dir='ltr'><strong>crit</strong></span> <span class='ocrx_word' id='word_1_108' title='bbox 423 1727 513 1794; x_wconf 89' lang='lat' dir='ltr'><strong>tua.’&#39;</strong></span> <span class='ocrx_word' id='word_1_109' title='bbox 564 1729 611 1790; x_wconf 87' lang='lat' dir='ltr'><strong>At</strong></span> <span class='ocrx_word' id='word_1_110' title='bbox 639 1727 704 1806; x_wconf 89' lang='lat' dir='ltr'><strong>ille,</strong></span> <span class='ocrx_word' id='word_1_111' title='bbox 733 1727 875 1792; x_wconf 90' lang='lat' dir='ltr'><strong>“Immo</strong></span> <span class='ocrx_word' id='word_1_112' title='bbox 904 1729 1009 1794; x_wconf 89' lang='lat' dir='ltr'><strong>virum</strong></span> <span class='ocrx_word' id='word_1_113' title='bbox 1040 1738 1169 1814; x_wconf 83' lang='lat' dir='ltr'><strong>oportet</strong></span> <span class='ocrx_word' id='word_1_114' title='bbox 1204 1729 1314 1792; x_wconf 84' lang='lat' dir='ltr'><strong>uxoris</strong></span> <span class='ocrx_word' id='word_1_115' title='bbox 1343 1749 1434 1807; x_wconf 86' lang='lat' dir='ltr'><strong>esse3</strong></span> 
     </span>
     <span class='ocr_line' id='line_1_13' title="bbox 233 1831 1435 1920; baseline -0.002 -20"><span class='ocrx_word' id='word_1_116' title='bbox 233 1835 373 1920; x_wconf 85' lang='lat' dir='ltr'><strong>logicum</strong></span> <span class='ocrx_word' id='word_1_117' title='bbox 394 1831 481 1896; x_wconf 89' lang='lat' dir='ltr'><strong>enim</strong></span> <span class='ocrx_word' id='word_1_118' title='bbox 504 1838 564 1910; x_wconf 88' lang='lat' dir='ltr'><strong>est,</strong></span> <span class='ocrx_word' id='word_1_119' title='bbox 588 1831 664 1894; x_wconf 86' lang='lat' dir='ltr'><strong>talia</strong></span> <span class='ocrx_word' id='word_1_120' title='bbox 678 1839 774 1894; x_wconf 91' lang='lat' dir='ltr'><strong>erunt</strong></span> <span class='ocrx_word' id='word_1_121' title='bbox 788 1831 960 1917; x_wconf 74' lang='lat' dir='ltr'><strong>praedicata</strong></span> <span class='ocrx_word' id='word_1_122' title='bbox 974 1833 1079 1917; x_wconf 88' lang='lat' dir='ltr'><strong>qualia</strong></span> <span class='ocrx_word' id='word_1_123' title='bbox 1091 1831 1259 1916; x_wconf 88' lang='lat' dir='ltr'><strong>subjecta‡</strong></span> <span class='ocrx_word' id='word_1_124' title='bbox 1280 1832 1435 1917; x_wconf 88' lang='lat' dir='ltr'><strong>permise-</strong></span> 
     </span>
     <span class='ocr_line' id='line_1_14' title="bbox 236 1934 1436 2022; baseline -0.003 -19"><span class='ocrx_word' id='word_1_125' title='bbox 236 1939 354 2022; x_wconf 68' lang='lat' dir='ltr'><strong>rint.&#39;&#39;§</strong></span> <span class='ocrx_word' id='word_1_126' title='bbox 400 1935 454 2000; x_wconf 85' lang='lat' dir='ltr'><strong>Sic</strong></span> <span class='ocrx_word' id='word_1_127' title='bbox 468 1935 583 2000; x_wconf 76' lang='lat' dir='ltr'><strong>facetia</strong></span> <span class='ocrx_word' id='word_1_128' title='bbox 594 1934 684 1999; x_wconf 89' lang='lat' dir='ltr'><strong>verbi</strong></span> <span class='ocrx_word' id='word_1_129' title='bbox 701 1935 827 1998; x_wconf 87' lang='lat' dir='ltr'><strong>Metelli</strong></span> <span class='ocrx_word' id='word_1_130' title='bbox 843 1934 974 2000; x_wconf 87' lang='lat' dir='ltr'><strong>divertit</strong></span> <span class='ocrx_word' id='word_1_131' title='bbox 988 1935 1028 1999; x_wconf 89' lang='lat' dir='ltr'><strong>ab</strong></span> <span class='ocrx_word' id='word_1_132' title='bbox 1041 1935 1193 2000; x_wconf 89' lang='lat' dir='ltr'><strong>oneribus</strong></span> <span class='ocrx_word' id='word_1_133' title='bbox 1210 1935 1343 2000; x_wconf 89' lang='lat' dir='ltr'><strong>dorsum</strong></span> <span class='ocrx_word' id='word_1_134' title='bbox 1355 1937 1436 2021; x_wconf 87' lang='lat' dir='ltr'><strong>ejus.</strong></span> 
     </span>
     <span class='ocr_line' id='line_1_15' title="bbox 237 2037 1437 2123; baseline -0.003 -18"><span class='ocrx_word' id='word_1_135' title='bbox 237 2041 360 2118; x_wconf 83' lang='lat' dir='ltr'><strong>Amice,</strong></span> <span class='ocrx_word' id='word_1_136' title='bbox 377 2039 404 2103; x_wconf 90' lang='lat' dir='ltr'><strong>si</strong></span> <span class='ocrx_word' id='word_1_137' title='bbox 421 2047 552 2123; x_wconf 86' lang='lat' dir='ltr'><strong>oportet</strong></span> <span class='ocrx_word' id='word_1_138' title='bbox 568 2037 707 2116; x_wconf 84' lang='lat' dir='ltr'><strong>uxorari,</strong></span> <span class='ocrx_word' id='word_1_139' title='bbox 722 2058 789 2100; x_wconf 91' lang='lat' dir='ltr'><strong>non</strong></span> <span class='ocrx_word' id='word_1_140' title='bbox 809 2037 941 2122; x_wconf 85' lang='lat' dir='ltr'><strong>expedit</strong></span> <span class='ocrx_word' id='word_1_141' title='bbox 959 2037 1100 2122; x_wconf 91' lang='lat' dir='ltr'><strong>quidem.</strong></span> <span class='ocrx_word' id='word_1_142' title='bbox 1145 2037 1378 2102; x_wconf 83' lang='lat' dir='ltr'><strong>Verumtamen</strong></span> <span class='ocrx_word' id='word_1_143' title='bbox 1394 2039 1437 2103; x_wconf 90' lang='lat' dir='ltr'><strong>sit</strong></span> 
     </span>
     <span class='ocr_line' id='line_1_16' title="bbox 237 2139 1437 2226; baseline -0.003 -17"><span class='ocrx_word' id='word_1_144' title='bbox 237 2164 328 2209; x_wconf 88' lang='lat' dir='ltr'><strong>amor</strong></span> <span class='ocrx_word' id='word_1_145' title='bbox 342 2143 376 2207; x_wconf 92' lang='lat' dir='ltr'><strong>iu</strong></span> <span class='ocrx_word' id='word_1_146' title='bbox 392 2163 500 2220; x_wconf 88' lang='lat' dir='ltr'><strong>causa,</strong></span> <span class='ocrx_word' id='word_1_147' title='bbox 513 2162 582 2206; x_wconf 91' lang='lat' dir='ltr'><strong>non</strong></span> <span class='ocrx_word' id='word_1_148' title='bbox 597 2162 724 2219; x_wconf 90' lang='lat' dir='ltr'><strong>census,</strong></span> <span class='ocrx_word' id='word_1_149' title='bbox 741 2149 778 2203; x_wconf 90' lang='lat' dir='ltr'><strong>ut</strong></span> <span class='ocrx_word' id='word_1_150' title='bbox 796 2139 910 2204; x_wconf 84' lang='lat' dir='ltr'><strong>faciem</strong></span> <span class='ocrx_word' id='word_1_151' title='bbox 925 2141 1036 2204; x_wconf 81' lang='lat' dir='ltr'><strong>uxoris</strong></span> <span class='ocrx_word' id='word_1_152' title='bbox 1051 2141 1158 2226; x_wconf 84' lang='lat' dir='ltr'><strong>eligas,</strong></span> <span class='ocrx_word' id='word_1_153' title='bbox 1174 2162 1240 2204; x_wconf 91' lang='lat' dir='ltr'><strong>non</strong></span> <span class='ocrx_word' id='word_1_154' title='bbox 1253 2151 1388 2220; x_wconf 90' lang='lat' dir='ltr'><strong>vestem,</strong></span> <span class='ocrx_word' id='word_1_155' title='bbox 1403 2151 1437 2207; x_wconf 91' lang='lat' dir='ltr'><strong>et</strong></span> 
     </span>
     <span class='ocr_line' id='line_1_17' title="bbox 236 2241 1436 2330; baseline -0.002 -18"><span class='ocrx_word' id='word_1_156' title='bbox 236 2249 392 2324; x_wconf 90' lang='lat' dir='ltr'><strong>animum,</strong></span> <span class='ocrx_word' id='word_1_157' title='bbox 407 2267 474 2310; x_wconf 88' lang='lat' dir='ltr'><strong>non</strong></span> <span class='ocrx_word' id='word_1_158' title='bbox 490 2265 615 2323; x_wconf 87' lang='lat' dir='ltr'><strong>aurum,</strong></span> <span class='ocrx_word' id='word_1_159' title='bbox 624 2253 658 2308; x_wconf 90' lang='lat' dir='ltr'><strong>et</strong></span> <span class='ocrx_word' id='word_1_160' title='bbox 667 2243 727 2307; x_wconf 89' lang='lat' dir='ltr'><strong>tibi</strong></span> <span class='ocrx_word' id='word_1_161' title='bbox 739 2241 842 2307; x_wconf 88' lang='lat' dir='ltr'><strong>nubat</strong></span> <span class='ocrx_word' id='word_1_162' title='bbox 852 2264 934 2308; x_wconf 84' lang='lat' dir='ltr'><strong>uxor</strong></span> <span class='ocrx_word' id='word_1_163' title='bbox 948 2267 1014 2308; x_wconf 92' lang='lat' dir='ltr'><strong>non</strong></span> <span class='ocrx_word' id='word_1_164' title='bbox 1031 2244 1102 2308; x_wconf 87' lang='lat' dir='ltr'><strong>dos.</strong></span> <span class='ocrx_word' id='word_1_165' title='bbox 1146 2245 1200 2310; x_wconf 86' lang='lat' dir='ltr'><strong>Sic</strong></span> <span class='ocrx_word' id='word_1_166' title='bbox 1216 2245 1243 2309; x_wconf 92' lang='lat' dir='ltr'><strong>si</strong></span> <span class='ocrx_word' id='word_1_167' title='bbox 1258 2266 1323 2330; x_wconf 89' lang='lat' dir='ltr'><strong>quo</strong></span> <span class='ocrx_word' id='word_1_168' title='bbox 1338 2245 1436 2310; x_wconf 91' lang='lat' dir='ltr'><strong>modo</strong></span> 
     </span>
     <span class='ocr_line' id='line_1_18' title="bbox 234 2347 1365 2436; baseline -0.004 -20"><span class='ocrx_word' id='word_1_169' title='bbox 234 2350 305 2416; x_wconf 87' lang='lat' dir='ltr'><strong>fieri</strong></span> <span class='ocrx_word' id='word_1_170' title='bbox 315 2357 435 2436; x_wconf 79' lang='lat' dir='ltr'><strong>potest,</strong></span> <span class='ocrx_word' id='word_1_171' title='bbox 451 2347 618 2434; x_wconf 72' lang='lat' dir='ltr'><strong>praedicari</strong></span> <span class='ocrx_word' id='word_1_172' title='bbox 632 2347 764 2431; x_wconf 90' lang='lat' dir='ltr'><strong>poteris,</strong></span> <span class='ocrx_word' id='word_1_173' title='bbox 776 2356 814 2410; x_wconf 92' lang='lat' dir='ltr'><strong>ut</strong></span> <span class='ocrx_word' id='word_1_174' title='bbox 828 2347 962 2412; x_wconf 89' lang='lat' dir='ltr'><strong>livorem</strong></span> <span class='ocrx_word' id='word_1_175' title='bbox 977 2369 1044 2412; x_wconf 92' lang='lat' dir='ltr'><strong>non</strong></span> <span class='ocrx_word' id='word_1_176' title='bbox 1060 2348 1158 2412; x_wconf 90' lang='lat' dir='ltr'><strong>ducas</strong></span> <span class='ocrx_word' id='word_1_177' title='bbox 1174 2371 1193 2412; x_wconf 90' lang='lat' dir='ltr'><strong>a</strong></span> <span class='ocrx_word' id='word_1_178' title='bbox 1207 2348 1365 2434; x_wconf 86' lang='lat' dir='ltr'><strong>subjecto.</strong></span> 
     </span>
     <span class='ocr_line' id='line_1_19' title="bbox 280 2449 1438 2536; baseline -0.002 -20"><span class='ocrx_word' id='word_1_179' title='bbox 280 2451 357 2517; x_wconf 84' lang='lat' dir='ltr'><strong>Lais</strong></span> <span class='ocrx_word' id='word_1_180' title='bbox 388 2450 569 2529; x_wconf 91' lang='lat' dir='ltr'><strong>Corinthia,</strong></span> <span class='ocrx_word' id='word_1_181' title='bbox 592 2450 805 2535; x_wconf 73' lang='lat' dir='ltr'><strong>praerogativa</strong></span> <span class='ocrx_word' id='word_1_182' title='bbox 845 2449 1094 2534; x_wconf 90' lang='lat' dir='ltr'><strong>pulchritudiuis</strong></span> <span class='ocrx_word' id='word_1_183' title='bbox 1122 2451 1269 2536; x_wconf 87' lang='lat' dir='ltr'><strong>insignis,</strong></span> <span class='ocrx_word' id='word_1_184' title='bbox 1294 2461 1438 2516; x_wconf 89' lang='lat' dir='ltr'><strong>tantum-</strong></span> 
     </span>
     <span class='ocr_line' id='line_1_20' title="bbox 235 2553 1437 2640; baseline -0.001 -19"><span class='ocrx_word' id='word_1_185' title='bbox 235 2557 336 2621; x_wconf 89' lang='lat' dir='ltr'><strong>modo</strong></span> <span class='ocrx_word' id='word_1_186' title='bbox 350 2577 462 2640; x_wconf 86' lang='lat' dir='ltr'><strong>regum</strong></span> <span class='ocrx_word' id='word_1_187' title='bbox 477 2563 511 2619; x_wconf 92' lang='lat' dir='ltr'><strong>et</strong></span> <span class='ocrx_word' id='word_1_188' title='bbox 521 2554 702 2639; x_wconf 90' lang='lat' dir='ltr'><strong>principum</strong></span> <span class='ocrx_word' id='word_1_189' title='bbox 718 2553 910 2639; x_wconf 85' lang='lat' dir='ltr'><strong>dignabatur</strong></span> <span class='ocrx_word' id='word_1_190' title='bbox 925 2554 1111 2640; x_wconf 83' lang='lat' dir='ltr'><strong>amplexus3</strong></span> <span class='ocrx_word' id='word_1_191' title='bbox 1127 2566 1242 2620; x_wconf 88' lang='lat' dir='ltr'><strong>conata</strong></span> <span class='ocrx_word' id='word_1_192' title='bbox 1256 2565 1307 2620; x_wconf 92' lang='lat' dir='ltr'><strong>est</strong></span> <span class='ocrx_word' id='word_1_193' title='bbox 1328 2563 1437 2620; x_wconf 86' lang='lat' dir='ltr'><strong>tamen</strong></span> 
     </span>
     <span class='ocr_line' id='line_1_21' title="bbox 237 2657 1439 2744; baseline -0.002 -19"><span class='ocrx_word' id='word_1_194' title='bbox 237 2659 453 2725; x_wconf 91' lang='lat' dir='ltr'><strong>Demostheni</strong></span> <span class='ocrx_word' id='word_1_195' title='bbox 468 2658 663 2744; x_wconf 89' lang='lat' dir='ltr'><strong>philosopho</strong></span> <span class='ocrx_word' id='word_1_196' title='bbox 682 2657 873 2743; x_wconf 89' lang='lat' dir='ltr'><strong>participare</strong></span> <span class='ocrx_word' id='word_1_197' title='bbox 887 2659 1029 2738; x_wconf 90' lang='lat' dir='ltr'><strong>thorum,</strong></span> <span class='ocrx_word' id='word_1_198' title='bbox 1045 2668 1083 2723; x_wconf 90' lang='lat' dir='ltr'><strong>nt</strong></span> <span class='ocrx_word' id='word_1_199' title='bbox 1095 2669 1182 2724; x_wconf 78' lang='lat' dir='ltr'><strong>notae</strong></span> <span class='ocrx_word' id='word_1_200' title='bbox 1197 2659 1353 2725; x_wconf 88' lang='lat' dir='ltr'><strong>castitatis</strong></span> <span class='ocrx_word' id='word_1_201' title='bbox 1368 2661 1439 2744; x_wconf 91' lang='lat' dir='ltr'><strong>ejus</strong></span> 
     </span>
     <span class='ocr_line' id='line_1_22' title="bbox 237 2760 1440 2846; baseline 0.001 -20"><span class='ocrx_word' id='word_1_202' title='bbox 237 2762 392 2828; x_wconf 90' lang='lat' dir='ltr'><strong>miraculo</strong></span> <span class='ocrx_word' id='word_1_203' title='bbox 423 2762 541 2840; x_wconf 84' lang='lat' dir='ltr'><strong>soluto,</strong></span> <span class='ocrx_word' id='word_1_204' title='bbox 570 2761 734 2826; x_wconf 88' lang='lat' dir='ltr'><strong>videretur</strong></span> <span class='ocrx_word' id='word_1_205' title='bbox 758 2760 830 2846; x_wconf 90' lang='lat' dir='ltr'><strong>ipsa</strong></span> <span class='ocrx_word' id='word_1_206' title='bbox 859 2760 966 2845; x_wconf 89' lang='lat' dir='ltr'><strong>specie</strong></span> <span class='ocrx_word' id='word_1_207' title='bbox 990 2783 1048 2824; x_wconf 87' lang='lat' dir='ltr'><strong>sua</strong></span> <span class='ocrx_word' id='word_1_208' title='bbox 1073 2761 1197 2846; x_wconf 87' lang='lat' dir='ltr'><strong>lapides</strong></span> <span class='ocrx_word' id='word_1_209' title='bbox 1224 2763 1375 2842; x_wconf 89' lang='lat' dir='ltr'><strong>movisse,</strong></span> <span class='ocrx_word' id='word_1_210' title='bbox 1401 2772 1440 2827; x_wconf 90' lang='lat' dir='ltr'><strong>ut</strong></span> 
     </span>
    </p>
   </div>
   <div class='ocr_carea' id='block_1_3' title="bbox 235 2872 1442 3777">
    <p class='ocr_par' dir='ltr' id='par_1_3' title="bbox 235 2872 1442 3777">
     <span class='ocr_line' id='line_1_23' title="bbox 235 2872 1438 2960; baseline 0.002 -22"><span class='ocrx_word' id='word_1_211' title='bbox 235 2874 404 2960; x_wconf 85' lang='lat' dir='ltr'><strong>Amphion</strong></span> <span class='ocrx_word' id='word_1_212' title='bbox 445 2874 577 2952; x_wconf 89' lang='lat' dir='ltr'><strong>cithara,</strong></span> <span class='ocrx_word' id='word_1_213' title='bbox 618 2881 854 2958; x_wconf 88' lang='lat' dir='ltr'><strong>attractumque</strong></span> <span class='ocrx_word' id='word_1_214' title='bbox 891 2872 1057 2938; x_wconf 87' lang='lat' dir='ltr'><strong>blanditiis</strong></span> <span class='ocrx_word' id='word_1_215' title='bbox 1098 2883 1247 2940; x_wconf 87' lang='lat' dir='ltr'><strong>attrectat</strong></span> <span class='ocrx_word' id='word_1_216' title='bbox 1288 2876 1438 2942; x_wconf 85' lang='lat' dir='ltr'><strong>suaviter.</strong></span> 
     </span>
     <span class='ocr_line' id='line_1_24' title="bbox 238 2976 1439 3064; baseline 0.001 -22"><span class='ocrx_word' id='word_1_217' title='bbox 238 2977 389 3062; x_wconf 89' lang='lat' dir='ltr'><strong>Cumque</strong></span> <span class='ocrx_word' id='word_1_218' title='bbox 400 2977 468 3062; x_wconf 88' lang='lat' dir='ltr'><strong>jam</strong></span> <span class='ocrx_word' id='word_1_219' title='bbox 491 2977 731 3041; x_wconf 90' lang='lat' dir='ltr'><strong>Demosthenes</strong></span> <span class='ocrx_word' id='word_1_220' title='bbox 747 2976 944 3041; x_wconf 89' lang='lat' dir='ltr'><strong>emolliretur</strong></span> <span class='ocrx_word' id='word_1_221' title='bbox 965 2976 1006 3040; x_wconf 92' lang='lat' dir='ltr'><strong>ad</strong></span> <span class='ocrx_word' id='word_1_222' title='bbox 1029 2977 1199 3058; x_wconf 87' lang='lat' dir='ltr'><strong>thalamos,</strong></span> <span class='ocrx_word' id='word_1_223' title='bbox 1214 2977 1330 3064; x_wconf 89' lang='lat' dir='ltr'><strong>petivit</strong></span> <span class='ocrx_word' id='word_1_224' title='bbox 1343 2979 1384 3044; x_wconf 86' lang='lat' dir='ltr'><strong>ab</strong></span> <span class='ocrx_word' id='word_1_225' title='bbox 1400 3000 1439 3043; x_wconf 87' lang='lat' dir='ltr'><strong>eo</strong></span> 
     </span>
     <span class='ocr_line' id='line_1_25' title="bbox 238 3079 1439 3167; baseline 0.001 -23"><span class='ocrx_word' id='word_1_226' title='bbox 238 3081 315 3144; x_wconf 88' lang='lat' dir='ltr'><strong>Lais</strong></span> <span class='ocrx_word' id='word_1_227' title='bbox 330 3089 461 3144; x_wconf 90' lang='lat' dir='ltr'><strong>centum</strong></span> <span class='ocrx_word' id='word_1_228' title='bbox 476 3079 597 3144; x_wconf 83' lang='lat' dir='ltr'><strong>talenta</strong></span> <span class='ocrx_word' id='word_1_229' title='bbox 621 3101 681 3164; x_wconf 91' lang='lat' dir='ltr'><strong>pro</strong></span> <span class='ocrx_word' id='word_1_230' title='bbox 704 3101 876 3144; x_wconf 87' lang='lat' dir='ltr'><strong>consensu.</strong></span> <span class='ocrx_word' id='word_1_231' title='bbox 920 3082 967 3143; x_wconf 89' lang='lat' dir='ltr'><strong>At</strong></span> <span class='ocrx_word' id='word_1_232' title='bbox 981 3080 1034 3145; x_wconf 91' lang='lat' dir='ltr'><strong>ille</strong></span> <span class='ocrx_word' id='word_1_233' title='bbox 1057 3081 1092 3144; x_wconf 91' lang='lat' dir='ltr'><strong>in</strong></span> <span class='ocrx_word' id='word_1_234' title='bbox 1118 3082 1235 3147; x_wconf 90' lang='lat' dir='ltr'><strong>coelum</strong></span> <span class='ocrx_word' id='word_1_235' title='bbox 1260 3083 1439 3167; x_wconf 86' lang='lat' dir='ltr'><strong>suspiciens</strong></span> 
     </span>
     <span class='ocr_line' id='line_1_26' title="bbox 235 3183 1439 3268; baseline -0.002 -20"><span class='ocrx_word' id='word_1_236' title='bbox 235 3184 291 3263; x_wconf 86' lang='lat' dir='ltr'><strong>ait,</strong></span> <span class='ocrx_word' id='word_1_237' title='bbox 307 3187 329 3219; x_wconf 90' lang='lat'><strong>“</strong></span> <span class='ocrx_word' id='word_1_238' title='bbox 340 3183 417 3248; x_wconf 92' lang='lat' dir='ltr'><strong>Non</strong></span> <span class='ocrx_word' id='word_1_239' title='bbox 433 3206 506 3249; x_wconf 88' lang='lat' dir='ltr'><strong>erno</strong></span> <span class='ocrx_word' id='word_1_240' title='bbox 522 3183 605 3247; x_wconf 87' lang='lat' dir='ltr'><strong>tanti</strong></span> <span class='ocrx_word' id='word_1_241' title='bbox 618 3183 826 3268; x_wconf 73' lang='lat' dir='ltr'><strong>poenitere.&#39;&#39;ll</strong></span> <span class='ocrx_word' id='word_1_242' title='bbox 873 3184 998 3263; x_wconf 87' lang='lat' dir='ltr'><strong>Amice,</strong></span> <span class='ocrx_word' id='word_1_243' title='bbox 1011 3184 1137 3248; x_wconf 89' lang='lat' dir='ltr'><strong>utinam</strong></span> <span class='ocrx_word' id='word_1_244' title='bbox 1153 3195 1186 3249; x_wconf 90' lang='lat' dir='ltr'><strong>et</strong></span> <span class='ocrx_word' id='word_1_245' title='bbox 1207 3194 1245 3249; x_wconf 95' lang='lat' dir='ltr'><strong>tu</strong></span> <span class='ocrx_word' id='word_1_246' title='bbox 1265 3185 1300 3249; x_wconf 93' lang='lat' dir='ltr'><strong>in</strong></span> <span class='ocrx_word' id='word_1_247' title='bbox 1323 3186 1439 3250; x_wconf 83' lang='lat' dir='ltr'><strong>coelum</strong></span> 
     </span>
     <span class='ocr_line' id='line_1_27' title="bbox 239 3285 1442 3372; baseline -0.001 -22"><span class='ocrx_word' id='word_1_248' title='bbox 239 3286 358 3352; x_wconf 89' lang='lat' dir='ltr'><strong>mentis</strong></span> <span class='ocrx_word' id='word_1_249' title='bbox 381 3307 515 3351; x_wconf 89' lang='lat' dir='ltr'><strong>acumen</strong></span> <span class='ocrx_word' id='word_1_250' title='bbox 532 3285 644 3371; x_wconf 86' lang='lat' dir='ltr'><strong>erigas,</strong></span> <span class='ocrx_word' id='word_1_251' title='bbox 660 3295 694 3350; x_wconf 93' lang='lat' dir='ltr'><strong>et</strong></span> <span class='ocrx_word' id='word_1_252' title='bbox 707 3285 741 3349; x_wconf 93' lang='lat' dir='ltr'><strong>id</strong></span> <span class='ocrx_word' id='word_1_253' title='bbox 763 3287 908 3371; x_wconf 85' lang='lat' dir='ltr'><strong>effugias,</strong></span> <span class='ocrx_word' id='word_1_254' title='bbox 923 3286 1010 3371; x_wconf 93' lang='lat' dir='ltr'><strong>quod</strong></span> <span class='ocrx_word' id='word_1_255' title='bbox 1025 3309 1157 3352; x_wconf 89' lang='lat' dir='ltr'><strong>neeesse</strong></span> <span class='ocrx_word' id='word_1_256' title='bbox 1179 3295 1229 3352; x_wconf 87' lang='lat' dir='ltr'><strong>est</strong></span> <span class='ocrx_word' id='word_1_257' title='bbox 1251 3286 1442 3372; x_wconf 80' lang='lat' dir='ltr'><strong>poenitentia</strong></span> 
     </span>
     <span class='ocr_line' id='line_1_28' title="bbox 237 3388 1441 3474; baseline -0.002 -20"><span class='ocrx_word' id='word_1_258' title='bbox 237 3389 362 3454; x_wconf 89' lang='lat' dir='ltr'><strong>redimi.</strong></span> <span class='ocrx_word' id='word_1_259' title='bbox 407 3388 501 3453; x_wconf 90' lang='lat' dir='ltr'><strong>Livia</strong></span> <span class='ocrx_word' id='word_1_260' title='bbox 526 3388 632 3453; x_wconf 90' lang='lat' dir='ltr'><strong>virum</strong></span> <span class='ocrx_word' id='word_1_261' title='bbox 656 3410 751 3453; x_wconf 89' lang='lat' dir='ltr'><strong>suum</strong></span> <span class='ocrx_word' id='word_1_262' title='bbox 778 3388 948 3468; x_wconf 81' lang='lat' dir='ltr'><strong>interiecit,</strong></span> <span class='ocrx_word' id='word_1_263' title='bbox 972 3411 1069 3474; x_wconf 92' lang='lat' dir='ltr'><strong>quem</strong></span> <span class='ocrx_word' id='word_1_264' title='bbox 1093 3390 1189 3454; x_wconf 90' lang='lat' dir='ltr'><strong>nimis</strong></span> <span class='ocrx_word' id='word_1_265' title='bbox 1212 3390 1299 3468; x_wconf 87' lang='lat' dir='ltr'><strong>odit3</strong></span> <span class='ocrx_word' id='word_1_266' title='bbox 1316 3388 1441 3453; x_wconf 88' lang='lat' dir='ltr'><strong>Lucilia</strong></span> 
     </span>
     <span class='ocr_line' id='line_1_29' title="bbox 239 3491 1441 3577; baseline 0.001 -21"><span class='ocrx_word' id='word_1_267' title='bbox 239 3513 346 3571; x_wconf 85' lang='lat' dir='ltr'><strong>suum,</strong></span> <span class='ocrx_word' id='word_1_268' title='bbox 370 3514 466 3577; x_wconf 91' lang='lat' dir='ltr'><strong>quem</strong></span> <span class='ocrx_word' id='word_1_269' title='bbox 490 3491 587 3556; x_wconf 90' lang='lat' dir='ltr'><strong>nimis</strong></span> <span class='ocrx_word' id='word_1_270' title='bbox 609 3491 739 3556; x_wconf 90' lang='lat' dir='ltr'><strong>amavit.</strong></span> <span class='ocrx_word' id='word_1_271' title='bbox 785 3491 846 3555; x_wconf 89' lang='lat' dir='ltr'><strong>llla</strong></span> <span class='ocrx_word' id='word_1_272' title='bbox 872 3501 989 3577; x_wconf 91' lang='lat' dir='ltr'><strong>sponte</strong></span> <span class='ocrx_word' id='word_1_273' title='bbox 1011 3493 1142 3558; x_wconf 84' lang='lat' dir='ltr'><strong>miscuit</strong></span> <span class='ocrx_word' id='word_1_274' title='bbox 1163 3492 1349 3571; x_wconf 84' lang='lat' dir='ltr'><strong>aconitum3</strong></span> <span class='ocrx_word' id='word_1_275' title='bbox 1371 3493 1441 3557; x_wconf 86' lang='lat' dir='ltr'><strong>haec</strong></span> 
     </span>
     <span class='ocr_line' id='line_1_30' title="bbox 240 3593 1441 3678; baseline -0.002 -19"><span class='ocrx_word' id='word_1_276' title='bbox 240 3594 375 3678; x_wconf 86' lang='lat' dir='ltr'><strong>decepta</strong></span> <span class='ocrx_word' id='word_1_277' title='bbox 390 3594 531 3658; x_wconf 78' lang='lat' dir='ltr'><strong>furorem</strong></span> <span class='ocrx_word' id='word_1_278' title='bbox 546 3593 731 3678; x_wconf 90' lang='lat' dir='ltr'><strong>propinavit</strong></span> <span class='ocrx_word' id='word_1_279' title='bbox 755 3615 813 3678; x_wconf 94' lang='lat' dir='ltr'><strong>pro</strong></span> <span class='ocrx_word' id='word_1_280' title='bbox 830 3593 948 3658; x_wconf 86' lang='lat' dir='ltr'><strong>amoris</strong></span> <span class='ocrx_word' id='word_1_281' title='bbox 963 3594 1091 3678; x_wconf 87' lang='lat' dir='ltr'><strong>poculo.</strong></span> <span class='ocrx_word' id='word_1_282' title='bbox 1135 3595 1259 3673; x_wconf 88' lang='lat' dir='ltr'><strong>Amice,</strong></span> <span class='ocrx_word' id='word_1_283' title='bbox 1274 3593 1441 3658; x_wconf 91' lang='lat' dir='ltr'><strong>contrariis</strong></span> 
     </span>
     <span class='ocr_line' id='line_1_31' title="bbox 241 3697 1442 3777; baseline -0.002 -14"><span class='ocrx_word' id='word_1_284' title='bbox 241 3697 481 3763; x_wconf 87' lang='lat' dir='ltr'><strong>contenderunt</strong></span> <span class='ocrx_word' id='word_1_285' title='bbox 495 3698 581 3764; x_wconf 90' lang='lat' dir='ltr'><strong>votis</strong></span> <span class='ocrx_word' id='word_1_286' title='bbox 596 3697 678 3777; x_wconf 76' lang='lat' dir='ltr'><strong>istae,</strong></span> <span class='ocrx_word' id='word_1_287' title='bbox 704 3707 820 3762; x_wconf 87' lang='lat' dir='ltr'><strong>neutra</strong></span> <span class='ocrx_word' id='word_1_288' title='bbox 842 3705 951 3760; x_wconf 87' lang='lat' dir='ltr'><strong>tamen</strong></span> <span class='ocrx_word' id='word_1_289' title='bbox 978 3697 1164 3763; x_wconf 84' lang='lat' dir='ltr'><strong>defraudata</strong></span> <span class='ocrx_word' id='word_1_290' title='bbox 1178 3708 1229 3762; x_wconf 88' lang='lat' dir='ltr'><strong>est</strong></span> <span class='ocrx_word' id='word_1_291' title='bbox 1242 3697 1306 3762; x_wconf 87' lang='lat' dir='ltr'><strong>line</strong></span> <span class='ocrx_word' id='word_1_292' title='bbox 1322 3697 1442 3762; x_wconf 87' lang='lat' dir='ltr'><strong>lruudis</strong></span> 
     </span>
    </p>
   </div>
   <div class='ocr_carea' id='block_1_4' title="bbox 237 3865 1444 4176">
    <p class='ocr_par' dir='ltr' id='par_1_4' title="bbox 272 3865 1443 3931">
     <span class='ocr_line' id='line_1_32' title="bbox 272 3865 1443 3931; baseline -0.002 -15"><span class='ocrx_word' id='word_1_293' title='bbox 272 3870 287 3899; x_wconf 69' lang='lat'>⁸</span> <span class='ocrx_word' id='word_1_294' title='bbox 301 3869 390 3929; x_wconf 66' lang='lat' dir='ltr'><strong>porus,</strong></span> <span class='ocrx_word' id='word_1_295' title='bbox 402 3867 459 3916; x_wconf 92' lang='lat' dir='ltr'><strong>MS.</strong></span> <span class='ocrx_word' id='word_1_296' title='bbox 472 3867 579 3929; x_wconf 79' lang='lat' dir='ltr'><strong>Bumey.</strong></span> <span class='ocrx_word' id='word_1_297' title='bbox 892 3869 905 3924; x_wconf 67' lang='grc' dir='ltr'><strong>ξ</strong></span> <span class='ocrx_word' id='word_1_298' title='bbox 921 3866 974 3915; x_wconf 88' lang='lat' dir='ltr'><strong>The</strong></span> <span class='ocrx_word' id='word_1_299' title='bbox 990 3868 1105 3931; x_wconf 84' lang='lat' dir='ltr'><strong>opinions</strong></span> <span class='ocrx_word' id='word_1_300' title='bbox 1119 3869 1148 3918; x_wconf 80' lang='lat' dir='ltr'><strong>of</strong></span> <span class='ocrx_word' id='word_1_301' title='bbox 1162 3868 1278 3918; x_wconf 83' lang='lat' dir='ltr'><strong>Metellus</strong></span> <span class='ocrx_word' id='word_1_302' title='bbox 1295 3865 1443 3916; x_wconf 80' lang='lat' dir='ltr'><strong>Numidicus</strong></span> 
     </span>
    </p>

    <p class='ocr_par' dir='ltr' id='par_1_5' title="bbox 271 3947 1443 4014">
     <span class='ocr_line' id='line_1_33' title="bbox 271 3947 1443 4014; baseline 0 -17"><span class='ocrx_word' id='word_1_303' title='bbox 271 3949 403 4010; x_wconf 75' lang='lat' dir='ltr'><strong>†soemr&#39;na</strong></span> <span class='ocrx_word' id='word_1_304' title='bbox 415 3951 485 4006; x_wconf 76' lang='lat' dir='ltr'><strong>escol,</strong></span> <span class='ocrx_word' id='word_1_305' title='bbox 496 3948 554 3996; x_wconf 91' lang='lat' dir='ltr'><strong>MS.</strong></span> <span class='ocrx_word' id='word_1_306' title='bbox 568 3949 664 3996; x_wconf 86' lang='lat' dir='ltr'><strong>Aruud.</strong></span> <span class='ocrx_word' id='word_1_307' title='bbox 859 3966 891 3999; x_wconf 89' lang='lat' dir='ltr'><strong>on</strong></span> <span class='ocrx_word' id='word_1_308' title='bbox 910 3947 952 3996; x_wconf 86' lang='lat' dir='ltr'><strong>the</strong></span> <span class='ocrx_word' id='word_1_309' title='bbox 972 3951 1067 4013; x_wconf 81' lang='lat' dir='ltr'><strong>subject</strong></span> <span class='ocrx_word' id='word_1_310' title='bbox 1087 3952 1116 4001; x_wconf 78' lang='lat' dir='ltr'><strong>ol</strong></span> <span class='ocrx_word' id='word_1_311' title='bbox 1133 3953 1251 4014; x_wconf 79' lang='lat' dir='ltr'><strong>marriage</strong></span> <span class='ocrx_word' id='word_1_312' title='bbox 1271 3967 1312 4000; x_wconf 84' lang='lat' dir='ltr'><strong>are</strong></span> <span class='ocrx_word' id='word_1_313' title='bbox 1328 3952 1399 4014; x_wconf 78' lang='lat' dir='ltr'><strong>given</strong></span> <span class='ocrx_word' id='word_1_314' title='bbox 1416 3950 1443 3998; x_wconf 87' lang='lat' dir='ltr'><strong>in</strong></span> 
     </span>
    </p>

    <p class='ocr_par' dir='ltr' id='par_1_6' title="bbox 237 4031 1444 4176">
     <span class='ocr_line' id='line_1_34' title="bbox 272 4031 1269 4096; baseline 0.003 -17"><span class='ocrx_word' id='word_1_315' title='bbox 272 4031 381 4091; x_wconf 74' lang='lat' dir='ltr'><strong>ssOther</strong></span> <span class='ocrx_word' id='word_1_316' title='bbox 406 4031 488 4096; x_wconf 84' lang='lat' dir='ltr'><strong>copies</strong></span> <span class='ocrx_word' id='word_1_317' title='bbox 515 4031 583 4088; x_wconf 86' lang='lat' dir='ltr'><strong>have,</strong></span> <span class='ocrx_word' id='word_1_318' title='bbox 605 4031 716 4092; x_wconf 77' lang='lat' dir='ltr'><strong>subjecta</strong></span> <span class='ocrx_word' id='word_1_319' title='bbox 744 4031 827 4093; x_wconf 82' lang='lat' dir='ltr'><strong>qualia</strong></span> <span class='ocrx_word' id='word_1_320' title='bbox 860 4033 963 4090; x_wconf 84' lang='lat' dir='ltr'><strong>Gellius,</strong></span> <span class='ocrx_word' id='word_1_321' title='bbox 974 4033 1048 4082; x_wconf 87' lang='lat' dir='ltr'><strong>Noct.</strong></span> <span class='ocrx_word' id='word_1_322' title='bbox 1062 4035 1115 4082; x_wconf 86' lang='lat' dir='ltr'><strong>Att.</strong></span> <span class='ocrx_word' id='word_1_323' title='bbox 1128 4033 1172 4082; x_wconf 90' lang='lat' dir='ltr'><strong>lib.</strong></span> <span class='ocrx_word' id='word_1_324' title='bbox 1184 4034 1202 4082; x_wconf 86' lang='lat' dir='ltr'><strong>i.</strong></span> <span class='ocrx_word' id='word_1_325' title='bbox 1212 4049 1232 4082; x_wconf 92' lang='lat' dir='ltr'><strong>c.</strong></span> <span class='ocrx_word' id='word_1_326' title='bbox 1244 4033 1269 4082; x_wconf 89' lang='grc'><strong>6.</strong></span> 
     </span>
     <span class='ocr_line' id='line_1_35' title="bbox 237 4111 1444 4176; baseline -0.002 -14"><span class='ocrx_word' id='word_1_327' title='bbox 237 4113 386 4176; x_wconf 69' lang='lat' dir='ltr'><strong>predicata.</strong></span> <span class='ocrx_word' id='word_1_328' title='bbox 896 4117 906 4173; x_wconf 79' lang='lat' dir='ltr'><strong>ll</strong></span> <span class='ocrx_word' id='word_1_329' title='bbox 926 4115 973 4164; x_wconf 86' lang='lat' dir='ltr'><strong>Sec</strong></span> <span class='ocrx_word' id='word_1_330' title='bbox 989 4115 1020 4163; x_wconf 79' lang='lat' dir='ltr'><strong>A.</strong></span> <span class='ocrx_word' id='word_1_331' title='bbox 1039 4113 1142 4174; x_wconf 81' lang='lat' dir='ltr'><strong>Gellius,</strong></span> <span class='ocrx_word' id='word_1_332' title='bbox 1155 4114 1230 4164; x_wconf 88' lang='lat' dir='ltr'><strong>Noct.</strong></span> <span class='ocrx_word' id='word_1_333' title='bbox 1243 4115 1296 4164; x_wconf 86' lang='lat' dir='ltr'><strong>Att.</strong></span> <span class='ocrx_word' id='word_1_334' title='bbox 1307 4113 1351 4162; x_wconf 88' lang='lat' dir='ltr'><strong>lib.</strong></span> <span class='ocrx_word' id='word_1_335' title='bbox 1364 4113 1408 4162; x_wconf 75' lang='lat' dir='ltr'><strong>lc.</strong></span> <span class='ocrx_word' id='word_1_336' title='bbox 1422 4111 1444 4160; x_wconf 80' lang='grc'><strong>8.</strong></span> 
     </span>
    </p>
   </div>
   <div class='ocr_carea' id='block_1_5' title="bbox 0 0 1826 4862">
    <p class='ocr_par' dir='ltr' id='par_1_7' title="bbox 0 0 1826 4862">
     <span class='ocr_line' id='line_1_36' title="bbox 0 0 1826 4862; baseline 0 0"><span class='ocrx_word' id='word_1_337' title='bbox 0 0 1826 4862; x_wconf 95' lang='lat' dir='ltr'><strong> </strong></span> 
     </span>
    </p>
   </div>
  </div>
 </body>
</html>
