3608 4862
252 539 413 604 carna]
630 540 678 584 ns
702 539 813 586 noers
836 539 1062 588 cunraaruu.

684 829 865 894 Decedam
910 828 998 893 xxiii.

281 980 438 1046 Luelinus
462 979 534 1060 iate,
566 1001 641 1044 cum
669 989 756 1044 esset
774 980 916 1064 juvenis,
938 981 1068 1048 vivente
1092 982 1230 1048 Griffino
1253 992 1344 1070 patre
1367 1005 1438 1063 suo,

236 1085 371 1170 ignavus
382 1092 452 1148 erat
462 1092 496 1147 et
510 1081 610 1168 piger,
620 1091 653 1146 et
661 1082 787 1168 paterni
796 1104 969 1150 concessor
980 1085 1107 1166 cineris,
1117 1087 1217 1152 homo
1227 1087 1321 1152 nauci
1333 1097 1367 1152 et
1381 1088 1438 1152 de-

235 1189 339 1253 lectus
354 1186 410 1272 qui
424 1208 491 1250 non
507 1184 628 1251 exibat.
674 1184 738 1249 cui
753 1207 844 1250 soror
858 1208 917 1251 sua
931 1198 1007 1273 post
1022 1189 1124 1254 multa
1134 1190 1329 1276 improperia
1340 1199 1437 1254 nocte
1460 1235 1462 1240 -

235 1301 311 1356 ante
327 1287 616 1356 Circumcisionem
630 1288 779 1374 proxima
793 1309 868 1353 cum
883 1289 963 1354 fletu
985 1291 1126 1372 advenit,
1145 1293 1267 1372 dicens,
1288 1297 1310 1330 “
1321 1293 1436 1358 Karis-

235 1393 316 1459 sime
329 1393 438 1472 frater,
452 1414 520 1456 non
535 1392 605 1457 sine
620 1413 736 1477 magna
751 1391 941 1457 confusione
955 1394 1039 1480 regis
1054 1405 1088 1460 et
1105 1396 1195 1482 regni
1212 1397 1311 1481 hujus
1330 1398 1435 1460 factus

236 1520 271 1564 es
282 1497 315 1562 in
332 1497 475 1562 derisum
491 1504 524 1560 et
538 1495 682 1560 fabulam
698 1495 856 1576 omniurn,
871 1517 945 1560 cum
961 1497 1005 1562 sis
1026 1497 1142 1563 unicus
1165 1509 1198 1564 et
1216 1501 1319 1565 haeres
1341 1499 1435 1585 regis.

234 1601 334 1666 Nunc
349 1609 458 1665 autem
473 1620 542 1678 oro,
562 1607 600 1662 ιιι
618 1598 707 1683 quod
726 1607 778 1662 est
796 1599 999 1665 levissimum
1019 1610 1053 1665 et
1075 1602 1145 1668 sinc
1164 1603 1307 1688 periculo
1325 1603 1433 1668 facias.

234 1705 536 1789 Moshujusterrae
554 1702 710 1787 estquod
729 1702 790 1766 hac
809 1711 916 1783 nocte,
938 1726 1010 1790 quae
1031 1706 1136 1791 prima
1155 1717 1206 1773 est
1225 1708 1259 1771 in
1281 1705 1433 1772 noctibus

232 1808 320 1887 anni,
330 1815 451 1872 exeunt
459 1825 573 1870 omnes
586 1804 724 1889 juvenes
739 1803 774 1868 in
789 1805 943 1891 praedam,
951 1807 1005 1871 vel
1017 1809 1052 1872 in
1067 1810 1198 1889 furtarn,
1207 1810 1259 1875 vel
1268 1809 1383 1874 saltem
1397 1809 1432 1872 in

232 1910 486 1988 auditionem,ut
496 1907 754 1993 experimentum
764 1907 901 1994 quisque
910 1909 950 1974 de
960 1932 995 1976 se
1005 1912 1111 1997 capiat
1119 1913 1153 1977 in
1162 1913 1214 1978 his
1218 1937 1229 1991 3
1244 1913 1278 1976 in
1290 1912 1432 1998 praedam

231 2026 270 2080 ut
282 2012 451 2092 Gestinus,
463 2013 518 2097 qui
532 2011 628 2096 longe
639 2011 804 2096 profectus
820 2012 909 2096 quod
922 2014 1031 2097 rapuit
1044 2014 1166 2100 absque
1180 2017 1311 2100 negotio
1326 2015 1433 2080 suavi-

231 2126 281 2182 ter
291 2117 416 2182 revexit
424 2126 458 2181 et
468 2136 554 2179 anno
563 2115 620 2179 illo
632 2113 757 2198 magnis
771 2113 883 2179 floruit
898 2115 1118 2198 successibus3
1134 2118 1169 2182 in
1183 2119 1269 2182 furta
1284 2127 1322 2182 ut
1332 2118 1431 2182 Gole·

229 2220 385 2298 nusbard,
396 2219 453 2304 qui
463 2219 503 2282 de
512 2219 610 2283 domo
622 2238 795 2303 porcorum
807 2217 966 2282 festucam
976 2241 1075 2284 unam
1086 2221 1198 2286 retulit
1213 2221 1282 2286 sine
1294 2221 1428 2305 alicujus

228 2324 395 2410 grunnitu,
404 2332 438 2388 et
446 2343 646 2407 quacunque
655 2319 759 2386 voluit
770 2319 825 2384 illo
835 2341 920 2384 anno
933 2321 1002 2386 sine
1012 2323 1142 2406 querela
1151 2325 1204 2390 vel
1213 2324 1322 2389 sonitu
1330 2324 1430 2389 furari

230 2428 351 2513 potuit3
368 2427 399 2491 in
412 2425 610 2490 auditionem
627 2424 679 2489 vel
693 2422 973 2503 auscultationem,
988 2433 1026 2490 ut
1038 2425 1203 2506 Theudus,
1212 2425 1299 2511 quod
1311 2426 1428 2492 Latine

229 2530 348 2595 dicitur
363 2527 578 2607 Theodosius,
597 2527 653 2612 qui
673 2525 786 2591 furtim
808 2524 964 2590 accedens
985 2526 1026 2591 ad
1047 2527 1181 2593 domum
1196 2527 1346 2608 Meilerii,
1369 2551 1427 2593 au-

228 2633 311 2698 divit
329 2632 415 2697 intro
429 2652 533 2696 unum
552 2652 593 2694 ex
616 2628 805 2694 sedentibus
827 2626 999 2709 dicentem,
1026 2629 1123 2694 ‘Vidi
1136 2630 1234 2695 hodie
1249 2651 1344 2695 mane
1366 2652 1426 2694 nu·

227 2737 375 2803 beculam
391 2733 505 2799 amari
527 2733 711 2812 ascendere,
731 2741 766 2798 et
780 2732 864 2796 sacta
879 2731 979 2796 estin
994 2733 1115 2800 nubem
1130 2733 1314 2813 maximam,
1328 2734 1374 2800 ita
1389 2745 1427 2800 ut

227 2850 334 2908 totum
346 2837 525 2923 operiretur
536 2857 623 2900 mare
632 2835 653 2915 ς’
665 2855 836 2921 processus
845 2833 943 2919 igtur
954 2835 1029 2901 inde
1044 2835 1217 2902 arbitratus
1233 2859 1268 2902 se
1282 2838 1426 2903 nubecu-

226 2945 302 3024 lam,
324 2943 424 3006 idest
444 2939 627 3026 parvulum,
649 2938 774 3018 amari,
796 2937 830 3000 id
845 2947 897 3002 cst
912 2938 1040 3018 Wallia,
1055 2961 1127 3025 quae
1143 2962 1271 3026 semper
1284 2941 1318 3006 in
1334 2953 1427 3007 motu

227 3056 289 3126 est,
301 3055 414 3110 natum
428 3065 536 3128 regem
552 3043 711 3121 futurum,
726 3041 815 3126 quod
829 3040 859 3105 ei
873 3050 988 3124 postea
1003 3042 1126 3107 detexit
1137 3055 1283 3110 eventus.
1327 3046 1426 3110 Nunc

226 3161 347 3226 autem,
367 3146 536 3210 karissime
550 3146 659 3223 frater,
681 3144 795 3208 saltem
815 3143 849 3206 in
875 3143 1023 3208 auditum
1045 3146 1108 3226 exi,
1131 3149 1220 3232 quod
1242 3148 1313 3212 sine
1335 3148 1424 3213 omni

225 3251 369 3338 periculo
380 3249 466 3315 est.''
512 3247 575 3311 His
591 3247 751 3311 excitatus
766 3267 858 3332 puer,
873 3245 965 3331 quasi
980 3269 999 3310 a
1012 3248 1102 3332 gravi
1119 3250 1245 3314 somnio
1261 3262 1424 3336 surgente,

225 3356 334 3420 animo
347 3351 518 3416 devolutus
530 3350 564 3415 in
576 3349 656 3413 iram
665 3371 763 3435 quam
778 3370 843 3412 non
859 3359 1002 3426 novarat,
1015 3350 1079 3416 levi
1094 3361 1128 3415 et
1141 3363 1294 3437 prompta
1306 3356 1423 3418 volun-

223 3467 292 3522 tate
303 3457 407 3519 factrrs
418 3462 470 3518 est
480 3452 606 3516 validus
615 3461 650 3516 et
658 3450 760 3536 agilis,
772 3459 806 3514 et
817 3449 917 3514 ascita
929 3450 1098 3516 sodalitate
1109 3453 1251 3537 plurium
1263 3457 1303 3520 ad
1317 3457 1422 3540 parie-

222 3557 361 3625 temviri
376 3556 544 3642 cujusdam
558 3555 679 3620 restitit
694 3553 776 3620 clam
792 3553 922 3617 arrectis
937 3552 1079 3619 auribus.
1110 3553 1275 3619 Sedebant
1285 3557 1420 3622 interius

222 3661 319 3726 multi
348 3669 382 3725 et
409 3659 445 3722 iu
466 3657 575 3724 medio
600 3678 713 3722 eorum
739 3654 970 3742 expectabatur
994 3655 1055 3720 bos
1080 3656 1115 3719 in
1137 3658 1241 3721 frusta
1259 3659 1420 3741 concisus,

223 3785 321 3850 quem
337 3783 433 3826 cocus
449 3781 562 3826 eorum
578 3782 676 3846 super
690 3761 800 3844 ignem
820 3758 855 3822 in
877 3757 982 3822 lebete
1005 3778 1134 3842 creagra
1155 3757 1419 3842 circumterebat3

222 3865 279 3953 qui
295 3873 328 3929 et
342 3864 398 3943 ait,
431 3863 576 3928 “Unum
593 3862 779 3927 admirabile
793 3861 934 3926 frustum
949 3861 1034 3925 inter
1048 3859 1109 3924 alia
1123 3860 1177 3924 bie
1191 3861 1329 3946 repperi,
1343 3884 1420 3928 nam

219 3968 301 4035 illud
316 3966 481 4054 pessundo
496 3987 624 4051 semper
639 3974 673 4030 et
686 3965 747 4030 sub
763 3964 832 4029 aliis
855 3986 943 4051 pono
965 3962 1152 4049 subjiciens,
1174 3973 1208 4028 et
1230 3963 1340 4028 statim
1363 3987 1420 4051 ap·

219 4079 313 4159 paret
327 4089 425 4154 super
440 4068 550 4134 omnia
564 4066 657 4134 alia.’'
700 4068 809 4134 “Hoc
824 4089 883 4154 ego
906 4066 1012 4146 sum,'’
1035 4066 1081 4132 ait
1102 4065 1272 4148 Luelinus,
1292 4071 1420 4152 “quem

263 4193 378 4238 erun.
402 4191 477 4238 soe.
1226 4191 1248 4235 ο
