3650 4852
291 494 444 558 Crania]
662 497 708 540 ns
733 495 844 543 nucis
868 499 1092 547 coaranruar.
1433 494 1473 551 41

273 654 307 708 et
321 645 452 709 castella
470 645 618 724 faciebat,
642 647 793 732 quatinus
820 651 854 713 in
880 651 926 716 eia
951 654 1118 719 credentes
1145 656 1207 720 sibi
1232 659 1417 744 deportaret
1440 659 1474 722 in

272 748 421 813 claustra.
467 750 529 813 Per
543 749 712 814 universos
728 752 842 818 Gelliae
858 755 939 820 fines
954 755 1007 821 hic
1022 757 1138 843 spiritu
1156 760 1329 840 ferebatur,
1344 771 1378 826 et
1401 782 1474 845 quae

273 871 331 936 per
353 865 429 916 eum
453 852 577 917 fiebant
595 853 748 920 miracula
774 857 952 934 (laufridus
971 861 1203 926 Altisiodoro*
1219 862 1390 941 scribebat,
1409 862 1473 946 ipsi

272 955 402 1020 credite.
446 957 588 1021 Aderam
625 957 659 1022 iu
690 981 802 1024 mensa
831 961 926 1027 bonae
954 965 1090 1029 'l'homoe
1119 976 1199 1029 tunc
1237 965 1473 1050 archiepiscopi

273 1058 510 1138 Cantuarice3'r
531 1060 718 1125 assidebant
743 1063 807 1149 ipsi
833 1064 965 1130 abbates
991 1066 1056 1130 albi
1079 1067 1156 1147 duo,
1172 1069 1274 1131 multa
1296 1067 1471 1131 referentes

271 1161 331 1224 viri
353 1161 511 1245 praedicti,
526 1162 684 1226 Barnardi
704 1164 835 1244 scilicet,
852 1165 1014 1246 miracula,
1030 1179 1196 1234 eumentes
1211 1169 1379 1233 exordium
1394 1169 1472 1232 inde

271 1265 358 1350 quod
375 1264 421 1330 ibi
444 1266 611 1350 legebatur
625 1268 762 1350 epistola
777 1269 935 1334 Barnardi
951 1271 990 1334 de
1005 1271 1304 1351 condemnatione‡
1326 1269 1472 1354 magistri

272 1366 370 1446 Petri,
381 1367 536 1452 principis
546 1369 780 1448 Nominalium,
790 1370 845 1455 qui
857 1371 931 1454 plus
946 1372 1093 1455 peccavit
1105 1373 1139 1436 iu
1153 1373 1318 1438 dialectica
1327 1395 1423 1457 quam
1435 1373 1469 1436 in

270 1465 380 1532 divina
393 1468 530 1553 pagina3
552 1492 628 1533 nam
643 1471 677 1534 in
692 1471 753 1536 hac
768 1495 843 1536 cum
858 1474 955 1538 corde
971 1495 1030 1538 auo
1047 1473 1210 1554 disseruit,
1224 1475 1259 1538 in
1281 1474 1335 1538 illa
1356 1483 1469 1538 contra

269 1591 325 1634 cor
338 1570 507 1650 laborarit,
532 1582 566 1637 et
588 1573 710 1638 multos
733 1575 768 1638 in
795 1577 926 1641 eosdem
951 1576 1078 1641 labores
1101 1578 1239 1641 induxit.
1285 1575 1470 1660 Legebatur

268 1672 405 1757 epistola
421 1673 555 1759 dompni
585 1676 742 1740 Bamardi
773 1678 1028 1744 claraevallensis
1058 1679 1183 1744 abbatia
1213 1678 1254 1742 ad
1284 1678 1468 1762 Eugenium

268 1796 396 1860 papam,
430 1776 486 1860 qui
516 1798 595 1841 suus
625 1779 729 1842 fuerat
758 1781 949 1861 monachus,
976 1803 1073 1867 quem
1103 1781 1189 1844 illius
1222 1779 1345 1843 ordinis
1370 1800 1468 1844 nemo

268 1885 399 1941 secutus
414 1887 465 1940 eet
479 1878 520 1940 ad
537 1878 647 1943 aedem
668 1878 767 1945 illam.
813 1881 853 1946 In
877 1882 1014 1967 epistola
1040 1882 1267 1948 continebatur
1290 1881 1355 1960 illa,
1380 1883 1468 1966 quod

270 1977 420 2063 magister
436 1980 552 2044 Petrus
566 1980 668 2045 instar
684 1982 789 2047 Goliae
806 1985 965 2069 superbus
981 1995 1078 2064 esset,
1092 1985 1255 2049 Ernaldus
1271 1984 1311 2048 de
1339 1982 1465 2068 Brixap

267 2080 399 2165 signifer
413 2083 495 2167 ejus,
510 2081 591 2146 etin
606 2082 695 2148 hunc
710 2085 844 2150 modum
856 2085 1036 2171 pessimum
1051 2085 1189 2170 plurima
1206 2084 1282 2148 binc
1298 2085 1466 2148 occasione

267 2192 398 2269 sumpta
419 2182 595 2247 laudabant
618 2183 751 2248 abbates
775 2187 866 2250 illum
893 2186 1107 2265 Barnardum,
1136 2196 1169 2250 et
1198 2185 1396 2249 extollebant
1424 2186 1467 2249 ad

264 2294 361 2350 astra.
405 2285 428 2352 J
430 2286 574 2350 ohannes
589 2307 665 2370 ergo
681 2286 814 2351 Planeta
829 2287 869 2350 de
885 2286 1038 2370 magistro
1060 2287 1148 2352 bono
1172 2284 1260 2370 quod
1278 2283 1410 2349 nolebat
1433 2295 1466 2350 et

299 2562 312 2589 ⁶
331 2559 446 2623 Geoffrey
458 2561 486 2609 oi
500 2562 613 2611 Auxerre
635 2561 772 2624 (Galfridus
794 2562 846 2610 Au·
880 2561 938 2610 bere
949 2560 1043 2623 spoken
1055 2560 1084 2608 ol
1098 2574 1146 2608 rrae
1163 2559 1192 2608 ol
1206 2573 1292 2606 course
1309 2557 1381 2606 Peter
1395 2558 1461 2607 Abe-

263 2641 445 2705 tisiodorensis)
479 2659 527 2691 was
555 2644 610 2691 first
639 2659 654 2692 a
683 2642 785 2707 disciple
821 2643 850 2692 oi
879 2639 1363 2704 lurd,tbeleaderoftbepbiloeopbical
1375 2640 1464 2688 sectos

263 2721 380 2780 Abelard,
403 2723 485 2772 rrbom
507 2724 540 2772 he
566 2724 662 2787 quitted
692 2730 719 2772 to
744 2725 845 2774 become
879 2723 1107 2773 tbaNominalista.

262 2803 306 2852 the
325 2803 434 2853 lollorrar
455 2805 505 2854 and
528 2813 616 2869 nutary
638 2805 667 2854 oi
686 2805 796 2854 Bemard
818 2806 847 2854 oi
911 2809 924 2864 5
942 2806 995 2854 'Ibe
1006 2807 1079 2854 letter
1090 2811 1117 2854 to
1128 2804 1207 2853 wbicb
1219 2803 1308 2866 Mapea
1325 2804 1419 2854 alludes
1437 2805 1458 2854 ia

264 2883 399 2934 Clairraux.
437 2885 564 2935 Herrrote
576 2886 710 2936 tbelifeci
724 2888 841 2946 Bemard,
876 2887 1007 2938 addreased
1018 2893 1044 2939 to
1056 2886 1124 2950 Popc
1136 2886 1257 2935 Innocent
1269 2884 1306 2933 11.
1319 2886 1367 2935 and
1377 2892 1422 2935 not
1430 2891 1457 2934 to

261 2965 498 3016 andabookoihia
509 2968 631 3026 miracles,
644 2969 787 3033 apparently
800 2972 842 3018 the
876 2969 1009 3032 Eugeniua.
1047 2968 1077 3016 ln
1088 2968 1205 3031 speaking
1216 2967 1245 3015 oi
1260 2966 1333 3016 Peter
1349 2967 1456 3016 Abelard

261 3047 384 3096 cochem
402 3048 509 3097 referred
526 3053 570 3097 to:
599 3049 659 3098 boib
679 3051 748 3100 these
765 3056 841 3098 trama
875 3051 986 3100 Barnard
1005 3065 1069 3112 says,
1089 3049 1230 3098 “Procedit
1249 3048 1334 3097 Goliaa
1351 3064 1455 3112 procero

259 3143 301 3177 are
317 3130 415 3192 printed
434 3131 460 3178 iu
479 3131 522 3180 the
540 3131 633 3181 edition
652 3133 681 3181 ol
695 3133 738 3181 the
760 3133 840 3181 werke
874 3147 976 3195 corpore
995 3131 1073 3180 nobili
1092 3131 1135 3178 illo
1155 3144 1201 3180 suo
1223 3130 1311 3178 bellico
1334 3137 1453 3194 apparatu

257 3210 286 3258 oi
295 3210 333 3259 st.
346 3211 464 3260 Bemard.
871 3213 1085 3270 circummunitus,
1105 3211 1263 3260 antecedente
1281 3226 1378 3274 quoqne
1400 3210 1453 3271 ejus

290 3293 467 3350 †'lbomaaof
485 3293 639 3358 Canterbury
650 3310 697 3343 was
708 3294 838 3344 murdered
871 3296 991 3358 armigero
1013 3293 1123 3343 rimaldo
1145 3294 1176 3342 de
1197 3291 1307 3341 Brixia.”
1331 3292 1451 3340 Bernard.

256 3389 290 3422 on
302 3374 344 3422 the
356 3375 415 3426 aeth
424 3375 452 3424 oi
461 3375 607 3436 December,
617 3379 689 3436 1170,
699 3376 748 3424 and
757 3375 837 3424 there·
871 3375 952 3440 Epist.
965 3376 1071 3424 clxxxix.
1083 3375 1131 3424 col.
1146 3377 1217 3431 1547,
1229 3374 1256 3421 iu
1267 3373 1310 3422 the
1321 3373 1413 3422 edition
1426 3373 1454 3420 of

256 3455 310 3503 lore
321 3456 364 3503 tbe
374 3456 497 3504 incidente
512 3458 571 3505 bere
582 3457 673 3506 related
692 3461 758 3504 must
775 3457 837 3506 bare
868 3456 908 3504 hie
923 3457 1003 3505 worka
1014 3454 1143 3519 publiahed
1162 3455 1189 3502 in
1205 3455 1277 3501 1632.
1312 3453 1406 3501 Aruald
1423 3453 1453 3501 oi

255 3535 373 3584 occurred
385 3549 452 3584 mora
462 3539 521 3586 tlran
533 3543 663 3587 reventeen
673 3553 743 3600 years
753 3539 837 3588 before
870 3538 979 3594 Bremia,
991 3551 1037 3585 oue
1049 3536 1078 3585 oi
1091 3535 1134 3583 the
1149 3541 1215 3583 most
1227 3535 1323 3582 aealoua
1334 3534 1449 3596 discipler

253 3615 545 3690 thepreeeutbookrraa
555 3618 662 3666 written.
870 3619 899 3667 of
907 3617 1023 3675 Abelard,
1035 3618 1091 3664 who
1102 3616 1216 3665 obtained
1227 3615 1337 3663 acmucb
1345 3614 1450 3677 popular

288 3695 382 3754 1Thia
397 3695 419 3743 ia
435 3695 477 3744 tha
495 3697 569 3746 letter
587 3697 730 3746 mentioued
748 3699 773 3745 in
794 3697 837 3747 tbe
869 3700 1030 3748 intluenceas
1041 3703 1068 3746 to
1080 3697 1147 3745 drire
1159 3697 1277 3759 thepope
1290 3695 1354 3744 frum
1371 3695 1451 3744 Rome

255 3781 395 3827 nextnote.
429 3775 477 3825 We
496 3777 558 3826 hare
575 3776 634 3826 bere
652 3793 667 3826 a
683 3777 781 3827 curicus
797 3779 835 3827 in·
869 3779 919 3828 and
929 3779 993 3840 keep
1003 3777 1146 3841 possession
1157 3778 1186 3826 ol
1200 3777 1243 3825 the
1254 3777 1305 3840 city
1316 3782 1359 3826 ten
1370 3790 1450 3839 years,

255 3865 340 3907 stanoe
351 3858 380 3907 oi
387 3857 431 3907 the
441 3859 550 3922 practica
561 3860 589 3908 of
598 3859 698 3922 reading
708 3864 734 3907 at
741 3858 835 3909 dinner.
868 3876 918 3910 aar
929 3859 1005 3908 burut
1016 3859 1043 3907 in
1055 3861 1127 3909 1155.
1152 3858 1260 3910 Abelard
1271 3859 1326 3908 died
1337 3859 1364 3907 in
1377 3861 1450 3908 1142.

256 3939 281 3987 lt
291 3940 312 3987 ie
323 3939 427 3988 ordered
438 3941 464 3988 iu
476 3946 542 3990 most
557 3942 586 3992 ot
599 3941 642 3991 the
653 3941 775 3991 monastic
786 3942 837 3991 and
868 3941 944 3992 'l'beir
955 3946 1083 4004 opponent
1093 3941 1204 3992 Bemard
1215 3940 1244 3990 ol
1253 3940 1383 3992 Clairvaux
1394 3939 1451 3991 died

253 4021 346 4082 college
374 4026 487 4072 statutes.
523 4023 577 4074 'rire
604 4023 726 4088 Magister
749 4022 836 4076 Patras
869 4025 980 4074 1111153.

297 4120 411 4167 CAMD.
428 4123 502 4170 800.
1298 4127 1320 4170 G
