3610 4852
215 539 330 606 ema]
595 535 642 580 na
667 535 777 580 nuars
800 533 1025 581 cuaraaruu.
1342 523 1400 594 175

201 707 285 796 petit
298 704 428 773 emori.
473 699 534 768 llla
548 702 605 767 diu
620 702 758 787 despicit
779 703 965 781 insolenter,
988 711 1023 768 et
1043 704 1175 768 tandem
1191 703 1261 787 ejus
1277 703 1402 768 homini

201 813 242 878 ad
254 812 458 878 securitatem
477 807 552 892 quia
574 805 751 891 deliquerat
776 806 893 892 poscit,
914 816 948 871 et
970 806 1108 892 optinet,
1133 817 1167 872 et
1189 805 1222 870 in
1244 807 1314 892 ejus
1330 830 1404 893 per-

204 926 329 980 severat
343 923 434 978 tutus
450 909 616 996 obsequio.

247 1017 394 1102 Contigit
422 1016 548 1080 interea
577 1012 857 1098 archiepiscopum
888 1013 1084 1077 Remensem
1108 1013 1143 1076 in
1179 1014 1246 1078 fata
1282 1013 1405 1093 cedere,

202 1133 236 1188 et
260 1121 458 1188 Gerbertum
483 1119 576 1182 lamae
602 1137 669 1180 suae
696 1116 819 1181 meritis
847 1115 1072 1181 incathedrari.
1117 1117 1282 1201 Deinceps
1307 1117 1404 1181 etiam

205 1223 348 1308 suscepti
363 1221 529 1306 negotium
544 1218 678 1282 honoris
700 1240 893 1305 exsequens,
909 1220 987 1283 dum
1004 1221 1117 1284 Murra
1136 1242 1259 1284 moram
1275 1220 1405 1299 faceret,

205 1328 243 1392 fit
257 1349 276 1390 a
291 1325 423 1390 domino
446 1344 529 1408 papa
552 1321 722 1386 cardinalis
746 1333 780 1387 et
805 1323 1068 1408 archiepiscopus
1084 1323 1267 1402 Ravennae,
1283 1333 1407 1409 etpost

206 1450 307 1514 pauca
322 1425 474 1491 defuncto
491 1445 574 1509 papa
589 1423 675 1488 sedis
690 1424 777 1488 illius
789 1425 946 1490 electione
961 1425 1090 1510 publica
1103 1425 1238 1510 gradum
1252 1426 1407 1504 ascendit,

205 1542 239 1597 et
264 1540 335 1596 toto
361 1527 532 1592 sacerdotii
558 1527 610 1590 sui
633 1535 781 1612 ternpore
806 1529 954 1592 conlecto
981 1538 1183 1594 sacramento
1207 1528 1351 1615 corporis
1375 1539 1408 1592 et

207 1633 371 1719 sanguinis
393 1629 548 1695 dominici
570 1651 634 1693 nou
649 1629 812 1714 gustabat,
828 1630 870 1696 ob
892 1631 1043 1697 timorem
1059 1633 1111 1697 vel
1126 1632 1169 1697 ob
1184 1631 1408 1710 reverentiam,

206 1749 240 1804 et
251 1735 439 1802 cautissimo
453 1735 541 1798 hirto
553 1734 641 1818 quod
653 1755 720 1798 non
733 1733 887 1817 agebatur
899 1734 1082 1800 simulabat.
1126 1735 1288 1821 Apparuit
1298 1745 1407 1800 autem

207 1841 236 1905 ei
248 1839 431 1904 Meridiana
440 1859 525 1902 anno
537 1837 588 1900 sui
603 1846 740 1922 papatus
751 1837 879 1916 ultimo,
892 1836 1064 1922 designans
1076 1839 1106 1904 ei
1116 1839 1192 1903 vitas
1204 1839 1410 1904 securitatem

208 1943 311 2007 donec
336 1940 533 2008 lerosolimis
560 1939 692 2003 missam
720 1939 925 2018 celebrasset,
950 1941 1037 2025 quod
1064 1944 1178 2006 Romae
1202 1963 1407 2007 commorans

208 2067 268 2130 pro
284 2055 360 2109 voto
376 2066 436 2108 suo
452 2063 564 2107 cavere
587 2041 732 2126 putabat.
779 2041 927 2127 Contigit
942 2054 1049 2108 autem
1065 2044 1173 2129 ipsum
1189 2043 1234 2108 ibi
1252 2044 1410 2108 celebrare

209 2147 266 2211 ubi
281 2169 421 2211 asserem
437 2145 529 2210 illum
544 2145 636 2208 aiunt
651 2145 836 2230 depositura
853 2167 949 2230 quem
972 2146 1095 2210 Pilatus
1112 2147 1291 2210 summitati
1306 2146 1410 2211 crucis

210 2249 392 2315 Dominicre
407 2250 502 2314 titulo
519 2271 585 2313 suae
601 2249 761 2334 passionis
788 2247 981 2333 inscriptum
1003 2249 1158 2328 affixerat,
1183 2271 1254 2335 quae
1280 2249 1410 2334 quidem

209 2354 342 2420 ecclesia
371 2375 473 2438 usque
501 2352 536 2416 in
565 2352 758 2416 hodiernum
790 2351 876 2416 diem
902 2351 1085 2416 Jerusalem
1116 2353 1243 2431 dicitur,
1275 2362 1309 2416 et
1337 2375 1411 2418 ecce

211 2455 272 2520 sibi
298 2478 338 2522 ex
365 2456 516 2541 opposito
543 2453 759 2540 applaudebat
789 2454 972 2518 Meridiana
997 2455 1090 2539 quasi
1117 2455 1157 2520 de
1181 2455 1323 2520 adventu
1352 2478 1411 2520 suo

211 2559 359 2644 proximo
385 2557 426 2620 ad
452 2557 556 2642 ipsam
583 2555 742 2640 gavisura.
787 2555 862 2622 Qua
888 2556 957 2620 visa
980 2566 1014 2621 et
1039 2557 1213 2636 intellecta,
1228 2579 1412 2643 nomenque

210 2661 272 2726 loci
287 2662 433 2737 edoctus,
448 2659 625 2724 cardinales
641 2680 766 2737 omnes,
777 2658 909 2737 clerum,
925 2669 958 2723 et
973 2660 1131 2744 populum
1147 2670 1315 2740 convocat,
1330 2661 1413 2746 pub-

211 2766 271 2830 lice
286 2763 470 2841 confitetur,
484 2784 545 2827 nec
570 2763 711 2847 aliquem
733 2761 834 2826 totius
861 2762 936 2826 vitae
961 2785 1028 2827 suae
1055 2785 1185 2828 naevum
1207 2763 1412 2828 irrevelatum

212 2867 373 2933 observat.
419 2865 540 2930 Statuit
561 2865 658 2930 etiam
674 2875 712 2928 ut
726 2864 879 2949 deinceps
895 2881 1007 2930 contra
1022 2867 1143 2931 olerum
1159 2876 1192 2930 et
1206 2866 1362 2951 populum
1378 2869 1413 2929 in

214 2971 294 3036 facie
306 2969 454 3034 omnium
465 2968 557 3032 fieret
566 2967 776 3033 consecratio.
821 2968 919 3034 Unde
935 2969 1030 3034 multi
1040 2971 1131 3033 altari
1141 2969 1304 3035 celebrant
1315 2970 1413 3034 inter·

213 3073 335 3162 posito,
358 3073 511 3136 dominus
537 3081 646 3135 autern
675 3092 761 3155 papa
787 3071 926 3157 percipit
951 3072 1031 3138 facie
1054 3073 1095 3136 ad
1124 3074 1238 3138 faciem
1267 3073 1412 3137 omnium

214 3176 340 3242 sedens.
387 3173 566 3240 Gerbertus
582 3174 746 3239 modicum
761 3174 836 3238 vitae
861 3196 929 3238 suoe
953 3175 1118 3240 residuum
1136 3177 1265 3240 assidua
1280 3186 1313 3240 et
1327 3198 1415 3241 acer-

213 3279 293 3342 rima
308 3278 498 3364 poenitentia
522 3278 645 3342 sincere
667 3276 786 3356 beavit,
809 3275 899 3341 etin
924 3275 1012 3342 bona
1035 3279 1239 3344 confessione
1264 3279 1413 3343 decessit.

217 3380 371 3466 Sepultus
387 3391 438 3445 est
452 3390 561 3445 autern
588 3379 622 3442 in
646 3379 779 3445 ecclesia
801 3379 889 3443 beati
911 3379 1072 3444 Johannis
1098 3381 1260 3460 Laterani,
1275 3381 1309 3444 in
1325 3404 1415 3445 mau-

216 3483 313 3548 solaeo
328 3505 520 3562 marmoreo,
535 3483 623 3568 quod
646 3483 767 3569 jugiter
782 3483 888 3556 sudat,
907 3483 963 3546 sed
979 3504 1045 3547 non
1062 3484 1245 3549 adunantur
1260 3483 1293 3547 in
1309 3483 1415 3548 rivum

214 3597 327 3672 guttae,
343 3586 405 3649 nisi
419 3595 557 3650 mortem
579 3585 714 3669 alicujus
734 3584 843 3649 divitis
867 3585 1006 3648 Romani
1022 3586 1267 3670 prophetantes.
1312 3587 1415 3650 Aiunt

216 3689 302 3754 enim
319 3689 494 3772 quodcum
510 3687 661 3752 imminet
675 3688 809 3752 domino
834 3708 928 3772 papoe
954 3686 1103 3772 migratio
1127 3689 1215 3752 rivus
1240 3689 1274 3752 in
1297 3699 1415 3754 terram

217 3791 349 3870 defluit;
373 3813 445 3854 cum
467 3789 563 3854 alicui
578 3800 775 3875 magnatum,
791 3811 894 3874 usque
910 3788 951 3852 ad
969 3789 1097 3854 tertiam
1120 3789 1171 3854 vel
1195 3800 1341 3875 quartam
1364 3793 1416 3858 vel

217 3893 363 3979 quintam
379 3903 503 3978 partem
518 3903 657 3972 emanat,
681 3893 773 3978 quasi
797 3893 953 3978 cujusque
982 3892 1172 3977 dignitatem
1198 3903 1286 3958 arcto
1312 3894 1418 3980 desig-

216 4019 299 4060 nans
313 3997 365 4060 vel
380 3996 526 4082 ampliori
542 3997 677 4060 fluento.
721 3997 814 4061 Licet
833 4004 942 4060 autem
969 3995 1148 4061 Gerbertus
1164 3996 1306 4062 avaritiae
1321 4019 1418 4062 causa

218 4100 343 4185 glutino
373 4099 492 4164 diaboli
525 4099 706 4163 diutissime
741 4101 893 4164 detentus
929 4098 1036 4178 fuerit,
1060 4100 1228 4185 magnifice
1255 4103 1418 4166 tamenin
