3610 4852
225 547 345 612 ειμι]
596 545 641 590 aa
666 547 775 592 uuor·
797 547 1024 592 ounrnmuu.
1353 533 1411 593 165

209 735 321 799 preces
335 729 369 779 et
382 715 490 778 luctus
505 713 619 800 populi
641 737 708 780 non
722 715 908 800 proficiunt,
923 738 990 780 nou
1013 725 1147 780 movent
1161 737 1236 780 eum
1252 737 1312 782 nec
1327 716 1415 781 solli-

211 817 322 880 citant.
368 815 488 881 Solitas
503 815 603 880 habet
617 814 650 879 in
666 817 821 880 memoria
835 817 987 896 fallacias,
1001 817 1103 881 instat
1123 817 1176 882 ille
1200 826 1307 882 totum
1322 840 1415 884 eruc-

212 929 285 982 tans
299 917 340 981 ab
358 919 425 982 imo
450 918 551 994 νὶιιιι,
575 918 725 1003 quodque
752 919 898 984 clausum
925 941 1054 1004 semper
1067 929 1216 984 tenuerat
1240 921 1414 1004 proditoris

213 1022 305 1107 Olgae
328 1021 510 1087 dominium
525 1031 559 1086 et
589 1031 714 1086 secreta
734 1023 877 1107 pessima
900 1024 1039 1088 revelare
1061 1045 1129 1088 non
1148 1033 1262 1088 cessat.
1308 1025 1416 1090 Instat

214 1124 338 1190 absolvi
363 1125 462 1188 semel
484 1133 518 1188 et
540 1123 610 1187 dari
625 1123 687 1187 sibi
703 1123 941 1208 paenitentiam,
964 1125 1167 1210 spondetque
1190 1134 1299 1190 tenere
1315 1148 1416 1210 quan-

214 1239 413 1313 tumcuuque
425 1226 564 1291 difficilis
574 1235 631 1290 aut
642 1225 722 1290 dura
733 1227 840 1291 suerit.
879 1227 954 1292 Hoc
966 1227 1137 1311 episcopus
1148 1249 1223 1292 cum
1228 1228 1416 1312 juramento

213 1341 329 1416 negat3
352 1329 406 1394 ille
425 1351 502 1395 vera
523 1329 719 1394 contritione
741 1329 910 1415 multoque
931 1330 1040 1415 rugitu
1059 1330 1415 1416 lachrymoausasserit

215 1433 322 1518 Negat
336 1433 509 1518 episcopus
524 1441 558 1498 et
571 1441 737 1516 pernegat,
758 1441 792 1496 et
816 1441 906 1497 totus
931 1433 965 1497 in
991 1433 1245 1498 contradictione
1261 1435 1415 1518 persistit.

215 1535 274 1599 Ille
289 1557 366 1600 voro
381 1544 448 1600 tam
458 1556 534 1599 vero
547 1535 643 1598 corde
658 1545 724 1598 tarn
735 1534 821 1600 veris
836 1534 1008 1620 lachrymis
1018 1535 1128 1614 instat,
1138 1545 1175 1598 ut
1186 1535 1255 1620 jam
1272 1535 1417 1600 obtineat

213 1637 255 1701 ab
270 1636 422 1702 omnibus
437 1637 576 1701 inimicis
591 1636 659 1700 suis
674 1637 814 1716 veniam,
826 1647 860 1702 et
874 1659 932 1723 per
944 1659 979 1702 se
990 1637 1123 1702 veniant
1136 1637 1415 1723 interveniantque

213 1739 310 1806 fletus
325 1740 454 1804 illorum
469 1739 649 1818 oculorum,
671 1761 753 1824 quos
769 1749 883 1803 contra
897 1761 932 1803 se
955 1749 1102 1824 coegerat
1123 1740 1308 1825 frequenter
1322 1744 1416 1807 emit-

214 1853 282 1908 tere
297 1843 477 1928 lachrymas
492 1843 533 1907 ad
550 1842 742 1906 Dominum.
778 1842 855 1906 Jam
870 1841 1007 1907 extorsit
1021 1841 1061 1906 ab
1078 1841 1217 1907 inimicis
1232 1843 1417 1923 amicitiam,

214 1957 332 2009 terram
349 1943 499 2028 placavit,
514 1944 630 2008 coelum
647 1943 785 2030 aperuit,
796 1943 959 2028 justitiam
981 1943 1045 2008 Dei
1068 1944 1170 2023 flexit,
1193 1959 1227 2009 et
1252 1967 1271 2010 a
1294 1945 1418 2011 miseri·

214 2049 324 2114 cordia
352 2047 513 2112 confessio
541 2045 651 2111 miseri
675 2047 863 2131 suscipitur.
919 2045 985 2110 Cor
1008 2056 1117 2110 autem
1148 2048 1294 2134 episcopi
1322 2049 1417 2135 longe

214 2152 411 2215 factumest
435 2149 475 2213 ab
500 2171 560 2228 eo;
592 2149 684 2212 Deus
708 2147 850 2226 exaudit,
876 2148 956 2211 iram
980 2157 1142 2232 temporat
1162 2159 1196 2212 et
1220 2149 1417 2217 humiliatur.

217 2255 329 2320 Homo
345 2253 526 2318 contemnit
547 2262 581 2318 et
600 2251 766 2337 superbire
786 2252 925 2326 videtur,
937 2261 978 2316 et
1000 2251 1041 2314 ad
1063 2251 1283 2336 importunam
1297 2253 1416 2337 princi·

216 2365 346 2442 pumat
370 2355 474 2440 plebis
495 2355 682 2419 instantiam
707 2377 741 2419 se
763 2354 940 2438 respondet
962 2375 1111 2417 securum
1134 2353 1222 2438 quod
1244 2355 1341 2420 Eudo
1356 2379 1416 2422 nec

217 2467 293 2522 voto
309 2479 369 2522 nec
384 2455 543 2541 promissa
554 2454 688 2533 tenebit,
704 2463 737 2518 et
752 2475 818 2518 non
837 2475 907 2518 esse
928 2453 1145 2517 miserandum
1162 2454 1417 2522 obstinatissimo

216 2571 368 2646 tyranno.
412 2560 497 2622 Tum
514 2558 567 2622 ille
590 2567 659 2622 tota
679 2556 778 2642 priori
793 2557 860 2620 vita
877 2578 935 2620 sua
950 2556 1057 2634 miser,
1072 2566 1106 2621 et
1121 2578 1208 2621 nunc
1231 2557 1335 2641 primo
1351 2581 1418 2624 cer·

217 2663 342 2726 tissime
366 2660 568 2740 miserabilis,
592 2684 612 2725 a
640 2659 780 2746 pedibus
805 2659 1068 2723 immisericordis
1094 2660 1240 2744 exsurgit
1263 2662 1418 2748 episcopi,

218 2765 273 2850 qui
304 2765 452 2829 nondum
479 2763 661 2849 septuagies
692 2763 811 2848 septies
834 2762 1035 2846 impleverat,
1064 2771 1098 2826 ot
1129 2762 1184 2847 qui
1215 2785 1279 2848 quo
1305 2765 1419 2849 majori

217 2877 408 2932 cunctorum
431 2877 583 2930 exoratur
602 2865 750 2950 angustia
775 2873 867 2928 tanto
895 2863 1020 2928 saeviori
1045 2864 1206 2928 crudescit
1235 2864 1419 2931 obstinatia.

217 2971 302 3033 Tum
315 2969 369 3033 ille
380 2967 480 3031 tantis
491 2966 653 3031 inundans
665 2965 806 3044 fletibus,
816 2975 882 3030 tam
895 2965 1053 3030 dolorosis
1065 2967 1222 3053 irrugiens
1233 2968 1419 3052 gemitibus,

217 3081 256 3136 ut
285 3092 383 3135 nemo
418 3069 696 3135 circumstantium
720 3077 837 3154 praeter
866 3067 1055 3152 episcopum
1081 3080 1193 3154 posset
1222 3071 1328 3136 cordis
1363 3084 1420 3136 aut

219 3174 387 3239 oculorum
401 3173 582 3258 lachrymas
591 3171 766 3247 continere,
777 3169 959 3244 subintulit,
969 3175 990 3207 “
1003 3172 1044 3236 In
1055 3172 1125 3237 illas
1137 3196 1253 3238 manus
1269 3175 1420 3240 Sathanoe

219 3286 337 3343 tractat
357 3276 498 3341 animam
529 3297 633 3340 meam
663 3275 838 3352 Dominus,
861 3273 895 3337 in
918 3297 997 3359 quas
1027 3298 1080 3341 me
1108 3277 1264 3341 confiteor
1292 3279 1421 3344 dedisse

220 3401 349 3465 corpus,
364 3389 402 3443 ut
416 3379 505 3443 nulla
519 3379 624 3463 possit
639 3399 781 3462 unquam
796 3376 1001 3440 miseratione
1016 3377 1141 3456 redimi,
1157 3379 1185 3442 si
1200 3401 1266 3442 non
1282 3379 1420 3444 devotus

221 3482 400 3567 implevero
415 3481 568 3566 quicquid
591 3479 745 3544 inflixeris
768 3479 809 3542 ad
837 3479 1106 3563 poenitentiaml”
1152 3480 1303 3545 Pontifex
1325 3481 1422 3566 igitur

219 3583 332 3662 iratus,
346 3582 542 3660 incredulus,
565 3591 599 3644 et
619 3581 800 3658 induratus,
821 3579 913 3664 quasi
934 3588 1064 3642 tentans
1087 3589 1121 3644 et
1142 3580 1290 3660 irridens,
1312 3581 1421 3645 stultis

221 3685 435 3770 praecipitavit
461 3683 656 3749 sententiam
681 3683 786 3762 labiis,
811 3683 935 3761 dicens,
950 3685 972 3718 “
983 3681 1102 3768 Infligo
1124 3683 1185 3748 tibi
1207 3685 1421 3770 propeccatis

221 3797 259 3852 ut
269 3787 357 3852 hunc
372 3808 487 3871 rogum
499 3785 655 3850 insilias?
685 3785 730 3849 At
744 3784 808 3862 ille,
825 3784 917 3869 quasi
929 3783 995 3848 vita
1006 3805 1080 3849 cum
1091 3796 1254 3871 praecepto
1272 3796 1422 3872 suscepta

222 3911 257 3954 se
270 3890 368 3954 laetus
384 3889 505 3968 intulit,
520 3898 589 3952 tam
603 3888 701 3966 ultro,
716 3896 782 3951 tam
799 3887 874 3963 cit0,
899 3895 965 3951 tam
987 3888 1022 3951 in
1044 3888 1158 3952 intima
1172 3889 1251 3974 rogi,
1265 3898 1304 3952 ut
1325 3911 1422 3956 nemo

222 3993 313 4076 sequi
329 4001 443 4076 posset
464 3992 505 4055 ad
527 3990 774 4070 extrahendum,
790 3990 893 4055 donec
916 4000 1006 4054 totus
1029 4001 1274 4057 consumeretur
1286 3992 1321 4056 in
1337 3994 1423 4058 cino·

222 4117 301 4159 rem.
348 4095 466 4159 Lector
481 4105 514 4158 et
529 4093 657 4158 auditor
680 4093 849 4177 disputent
871 4093 899 4155 si
921 4092 1013 4157 miles
1037 4103 1159 4158 rectum
1182 4093 1296 4160 habuit
1318 4096 1422 4162 zelum
