3610 4852
223 515 343 582 canu]
587 519 634 563 us
660 519 770 564 nuors
795 519 1021 567 cuurnnruu.
1347 509 1408 570 231

206 684 300 770 copia
327 695 418 749 tanta
438 684 591 750 videntur
615 686 750 771 indigni.
795 687 922 753 Vitium
948 688 1081 752 tertium
1105 698 1167 767 est,
1182 688 1270 774 quod
1292 689 1412 773 quietis

206 787 392 873 impatiens,
407 790 473 853 fere
489 789 657 854 dimidium
680 790 911 855 christianismi
931 813 1048 857 vexare
1063 816 1129 855 non
1147 793 1325 858 miseretur.
1371 793 1412 856 In

205 890 259 954 his
289 892 392 956 tribus
422 914 511 958 error
544 895 636 978 ejus3
665 894 791 957 caeteris
819 893 914 958 valde
943 894 1050 958 bonus
1081 905 1142 974 est,
1174 904 1208 959 et
1243 895 1278 959 in
1307 895 1414 961 omni·

206 993 269 1058 bus
306 995 463 1060 amabilis.
523 996 601 1060 Nou
649 997 736 1060 enim
783 1009 901 1082 practer
946 999 1055 1083 ipsum
1099 998 1270 1084 quisquam
1311 1009 1412 1063 tantoe

206 1097 336 1162 videtur
359 1099 618 1164 mansuetudinis
648 1109 682 1164 et
711 1099 919 1165 affabilitatis.
976 1101 1138 1168 Quotiens
1164 1103 1231 1166 exit
1261 1101 1413 1186 arripitur

207 1221 226 1262 a
251 1200 356 1264 turbis
381 1212 416 1266 et
437 1202 471 1265 in
497 1203 569 1266 loca
595 1201 795 1280 distrahitur,
822 1214 856 1266 et
881 1225 945 1288 quo
977 1225 1044 1268 non
1071 1204 1143 1266 vult
1164 1203 1354 1288 impellitur,
1379 1213 1414 1267 et

207 1303 294 1386 quod
310 1303 428 1368 mirum
443 1316 505 1383 est,
520 1304 666 1390 singulos
681 1305 773 1368 audit
787 1306 956 1389 patienter,
969 1315 1003 1370 et
1013 1305 1186 1390 injuriatus
1202 1305 1243 1370 ab
1259 1305 1411 1370 omnibus

208 1427 280 1470 cum
313 1405 523 1485 clamoribus,
557 1428 632 1470 oum
661 1405 819 1470 tractibus
850 1416 885 1470 et
920 1407 1072 1471 violentis
1101 1406 1309 1491 impulsibus,
1337 1407 1413 1472 inde

208 1509 331 1573 nemini
357 1509 550 1574 calumniam
578 1509 656 1574 facit
688 1519 745 1573 aut
777 1509 833 1574 irae
864 1510 1121 1590 similitudinem,
1152 1532 1291 1594 cumque
1316 1509 1413 1574 nimis

209 1611 412 1696 angustiatur
436 1635 511 1677 cum
528 1612 659 1678 silentio
674 1613 758 1697 fugit
773 1612 813 1675 ad
829 1613 900 1677 lcea
914 1613 1015 1698 pacis.
1060 1613 1152 1677 Nihil
1167 1613 1318 1698 superbe,
1332 1613 1415 1677 nihil

208 1717 333 1780 tumide
358 1716 456 1796 facit3
481 1715 610 1780 sobrius
638 1725 699 1794 est,
714 1716 883 1781 modestus
910 1725 943 1781 et
968 1715 1054 1801 pius,
1071 1716 1176 1781 fidelis
1201 1727 1234 1780 et
1259 1716 1415 1801 prudens,

207 1819 314 1904 largus
330 1829 363 1882 et
378 1819 583 1896 victoriosus,
600 1829 633 1882 et
656 1818 752 1883 bonis
776 1818 985 1884 honorificus.
1028 1819 1323 1884 ‘lbanslretavimus
1339 1841 1414 1884 cum

208 1922 281 2006 ipso
305 1922 429 1986 dudum
452 1921 486 1984 in
504 1921 783 2007 vigintiquinque
807 1923 956 2001 navibus,
972 1943 1044 2006 quoe
1069 1922 1132 1986 sibi
1157 1921 1351 1987 tenebantur
1374 1923 1415 1988 ad

210 2025 384 2089 transitum
412 2025 482 2090 sine
511 2025 629 2109 pretio.
686 2025 878 2110 Tempestas
903 2035 1011 2089 autern
1045 2024 1198 2109 dispersit
1229 2046 1344 2088 omnes
1373 2026 1414 2089 ad

207 2137 317 2192 cautes
333 2138 366 2192 et
380 2128 475 2192 litora
497 2127 636 2191 navibus
651 2127 762 2212 inepta
781 2127 909 2202 collisit,
925 2138 1045 2212 praeter
1060 2148 1164 2206 suam,
1188 2149 1261 2212 quae
1276 2149 1335 2212 per
1351 2128 1416 2192 Dei

208 2230 343 2314 gratiam
368 2230 403 2294 in
428 2240 560 2314 portum
583 2229 742 2314 producta
755 2229 826 2292 fuit,
873 2229 968 2293 Misit
994 2251 1069 2314 ergo
1093 2251 1200 2308 mane,
1216 2230 1415 2316 singulisque
1454 2248 1455 2255 ¹

209 2335 318 2398 nautis
343 2332 523 2398 seeundum
545 2353 658 2396 eorum
682 2332 931 2396 aestimationem
948 2333 1075 2417 perdita
1089 2334 1243 2412 restituit,
1259 2357 1333 2398 eum
1348 2357 1415 2398 non

210 2445 376 2501 teneretur
400 2436 464 2500 hoc
496 2435 763 2520 reseransque
797 2456 924 2498 summa
955 2458 1080 2521 magnae
1112 2437 1356 2501 numerositatis
1382 2448 1416 2502 et

209 2539 318 2604 forsan
349 2537 464 2622 aliquis
489 2559 547 2600 rex
568 2537 697 2621 justum
723 2559 790 2600 non
818 2536 970 2601 solvisset
996 2537 1154 2602 debitum.
1214 2539 1292 2602 Mos
1317 2539 1415 2604 curiae

210 2650 330 2705 nostrae
345 2639 417 2718 fuit,
433 2648 471 2701 ut
490 2637 590 2722 gratis
605 2637 720 2701 fierent
735 2647 769 2701 et
787 2637 999 2703 redderentur
1018 2638 1128 2704 brevia
1151 2641 1288 2724 sigillata
1303 2642 1416 2706 minis·

210 2744 269 2808 tris
285 2743 381 2808 curiae
396 2763 469 2826 quae
485 2741 619 2804 nomina
634 2763 693 2804 sua
704 2739 756 2803 vel
766 2741 895 2826 negotia
910 2743 1125 2808 continerent.
1162 2744 1292 2808 Detulit
1306 2755 1415 2809 autem

211 2844 415 2929 dispensator
429 2841 535 2926 regius
551 2863 642 2905 reum
666 2841 886 2926 sigillatorem,
901 2843 990 2928 quod
1016 2842 1113 2908 breve
1135 2865 1255 2908 nomen
1271 2867 1367 2909 suum
1383 2856 1418 2911 et

211 2946 378 3032 negotium
399 2945 569 3009 continens
594 2945 623 3008 ei
657 2955 807 3028 negasset
829 2946 899 3009 sine
924 2947 1030 3031 pretio
1054 2946 1198 3012 reddere.
1242 2948 1416 3014 'furstinus

211 3049 297 3114 filius
313 3047 518 3132 dispensator
531 3054 610 3124 erat,
625 3047 732 3109 Adam
744 3069 762 3110 a
775 3046 960 3111 Gernernue
977 3048 1141 3135 sigillator.
1174 3048 1305 3113 Auditis
1320 3049 1418 3135 igitur

210 3151 274 3231 bis,
289 3151 460 3215 haesitante
484 3149 584 3227 ouria,
607 3170 715 3233 regem
741 3149 919 3224 advocant3
943 3151 999 3234 qui
1020 3173 1094 3215 cum
1109 3153 1302 3216 Turstinum
1326 3153 1417 3218 audi·

209 3255 321 3334 visset,
336 3253 460 3317 audivit
475 3252 581 3316 Adam
597 3251 770 3331 dicentem,
786 3253 1034 3337 “Susceperam
1054 3255 1201 3338 hospites
1224 3269 1258 3320 et
1272 3256 1346 3320 misi
1361 3259 1417 3342 qui

211 3366 397 3444 precaretur
419 3357 591 3421 dominum
615 3356 805 3420 Turstinum
838 3356 925 3439 quod
952 3356 1032 3419 mihi
1059 3357 1124 3422 duo
1147 3357 1213 3422 liba
1238 3359 1278 3422 de
1300 3360 1418 3425 vestris

214 3459 383 3523 dominicis
420 3458 522 3522 daret.
566 3455 634 3523 Qui
671 3455 852 3541 respondit,
885 3455 984 3521 Nolo.
1030 3457 1115 3521 Cum
1154 3467 1263 3522 autem
1302 3475 1418 3545 postea

214 3560 311 3625 vellet
339 3559 437 3623 breve
462 3580 570 3637 suum,
607 3579 733 3622 memor
768 3557 855 3621 illius
887 3558 986 3637 N0l0,
1016 3560 1163 3625 similiter
1193 3561 1270 3640 dixi,
1297 3562 1418 3628 Nolo.”

215 3665 286 3728 Rex
306 3684 384 3726 vero
408 3660 639 3725 condemnavit
661 3682 736 3724 eum
763 3661 818 3746 qui
844 3660 967 3725 dixerat
992 3663 1133 3747 primum
1154 3664 1253 3729 Nolo.
1299 3664 1417 3731 Sedere

214 3767 290 3830 feeit
304 3766 411 3830 Adam
437 3765 477 3828 ad
504 3773 659 3828 stannum
683 3785 791 3828 coram
818 3764 927 3850 posito
948 3765 1053 3850 sigillo
1075 3766 1229 3852 brevique
1249 3769 1416 3849 Turstini3

215 3869 319 3952 coegit
333 3875 442 3930 autem
457 3866 648 3928 Turstinum
663 3864 790 3951 abjecto
804 3865 902 3950 pallio
917 3866 1053 3950 genibus
1068 3867 1161 3932 flexis
1176 3868 1258 3931 Adae
1272 3891 1417 3954 praesen-

215 3983 283 4035 tare
298 3970 363 4034 duo
379 3968 513 4054 gastella
527 3967 623 4053 regia,
639 3968 765 4032 mantili
787 3969 925 4033 candido
946 3969 1096 4034 decenter
1111 3971 1266 4050 involuta,
1287 3994 1418 4057 suscep-

216 4086 314 4159 toque
329 4073 425 4138 xenio
436 4071 536 4156 jussit
550 4080 589 4135 ut
603 4071 708 4135 Adam
723 4070 787 4156 ipsi
798 4071 896 4137 breve
907 4073 1065 4153 redderet,
1078 4075 1216 4159 fecitque
1230 4078 1418 4158 concordes,

218 4189 251 4244 et
265 4177 393 4263 adjecit,
412 4187 532 4241 utnon
548 4185 676 4240 tantum
691 4174 753 4239 sibi
769 4174 925 4240 deberent
939 4175 1077 4242 iniicem
1093 4176 1232 4243 ministri
1247 4179 1418 4244 subvenire
