3608 4862
812 571 1000 618 curarant
1025 569 1146 614 naras
1376 567 1497 632 [birtine.
1509 567 1562 618 111.

673 850 725 912 De
739 847 889 912 societate
903 843 994 910 Sadii
1008 851 1040 908 ct
1057 845 1197 908 Gelonis.
1240 840 1276 908 ii.

423 1039 538 1106 Sadius
554 1046 588 1103 et
603 1037 699 1116 Galo,
710 1034 866 1115 moribus,
881 1043 988 1114 aetate,
1001 1034 1106 1098 forma
1116 1054 1221 1118 pares,
1235 1041 1270 1097 et
1283 1052 1448 1096 armorum
1462 1027 1580 1094 eruditi

379 1143 525 1221 scientia,
539 1140 702 1227 priscique
716 1139 843 1224 generis
869 1136 1040 1202 nobilitate
1063 1136 1217 1224 praeclari,
1239 1134 1373 1221 paribus
1389 1134 1580 1200 alterutrum

380 1269 416 1314 se
432 1244 609 1332 diligebant
632 1253 666 1309 et
681 1242 830 1308 honestis
853 1240 1030 1320 amoribus,
1051 1239 1140 1305 unde
1160 1240 1238 1305 satis
1252 1239 1338 1304 inter
1358 1238 1493 1304 adversa
1506 1257 1581 1322 pro-

379 1350 459 1430 bati,
474 1348 607 1414 remotis
623 1356 716 1414 erant
729 1357 764 1412 et
777 1346 935 1432 proximis
946 1346 1111 1430 exemplar
1120 1354 1153 1408 et
1161 1343 1381 1430 proverbium.
1425 1341 1580 1407 Gaudent

379 1453 467 1518 enim
487 1473 525 1518 ea
550 1451 703 1517 facilitate
722 1451 835 1515 fideles
851 1448 1010 1523 amicitiae,
1039 1448 1127 1534 quod
1149 1447 1235 1512 inter
1258 1446 1365 1513 bonos
1381 1453 1580 1510 conservatae

379 1555 492 1621 laudes
514 1556 611 1621 etiam
626 1555 668 1619 ab
681 1553 822 1619 inimicis
844 1560 1069 1636 extorqueant.
1113 1551 1196 1616 Erat
1220 1560 1329 1618 autem
1357 1549 1474 1614 Sadius
1498 1547 1580 1633 regis

379 1659 578 1725 Asianorum
589 1673 703 1743 nepos,
712 1659 747 1722 in
758 1657 851 1742 cujus
867 1657 931 1742 ipsi
945 1655 1064 1741 pariter
1077 1653 1198 1741 palatio
1213 1653 1406 1733 militabant,
1421 1651 1579 1718 avunculo

380 1783 440 1825 suo
456 1771 523 1826 tam
540 1763 713 1826 tenerrime
728 1761 875 1840 dilectus,
890 1769 1009 1824 utnon
1025 1768 1112 1824 esset
1126 1757 1154 1823 ci
1171 1758 1241 1824 sine
1264 1757 1362 1823 Sadio
1378 1757 1511 1843 spiritus
1526 1763 1582 1820 aut

378 1863 467 1941 vita3
490 1884 551 1928 neo
577 1861 741 1941 inmerito,
766 1861 841 1947 quia
870 1861 1048 1926 secundum
1074 1861 1173 1926 animi
1195 1860 1350 1927 virtutem
1375 1870 1410 1925 et
1435 1859 1581 1946 corporis

378 1964 581 2030 habilitatem
607 1975 676 2030 erat
701 1965 829 2052 qualem
854 1975 888 2030 te
913 1964 1013 2030 velles
1035 1965 1116 2030 fieri.
1162 1964 1259 2044 Galo,
1273 1965 1350 2029 licet
1363 1965 1498 2044 advena
1512 1963 1581 2049 pari

377 2089 436 2152 per
451 2068 561 2132 omnia
574 2066 748 2133 beatudine
763 2065 865 2147 dives,
880 2075 1016 2152 excepto
1031 2074 1124 2131 tanto
1140 2067 1223 2152 regis
1239 2088 1358 2146 amore,
1375 2088 1471 2130 suum
1495 2087 1580 2151 saepe

376 2171 495 2237 tacitus
505 2171 604 2237 flebat
613 2171 840 2251 infortunium,
849 2171 936 2257 quod
948 2170 1084 2235 forsitan
1096 2170 1149 2236 alii
1157 2170 1321 2236 videretur
1330 2191 1510 2250 successus,
1520 2170 1581 2234 sci·

376 2274 691 2360 licetquodaregina
701 2274 839 2340 nimium
848 2273 1016 2339 amabatur
1025 2273 1357 2340 etvehemcntissimis
1366 2272 1582 2358 impetebatur

377 2379 563 2458 assultibus,
575 2379 609 2442 in
618 2378 726 2444 verbis
742 2387 775 2442 et
790 2377 890 2464 signis
905 2377 1152 2464 quibuscunque
1165 2387 1277 2465 potest
1291 2387 1347 2442 aut
1357 2377 1444 2442 flecti
1459 2376 1579 2463 rigidus

377 2489 434 2545 aut
450 2481 587 2547 emolliri
607 2481 707 2546 durus
729 2491 787 2548 aut
805 2482 956 2547 infatuari
971 2483 1111 2569 sapiens,
1132 2492 1204 2546 tum
1227 2481 1378 2546 manibus
1392 2489 1465 2546 tum
1480 2481 1580 2546 oculis

377 2585 503 2670 cupidis
517 2609 585 2650 non
598 2586 729 2671 cupitis,
739 2587 899 2672 susceptis
909 2596 943 2652 et
952 2609 1019 2652 non
1030 2586 1182 2671 acceptis,
1194 2607 1255 2651 nec
1264 2585 1435 2650 cessabant
1443 2585 1581 2663 xeniola,

377 2688 499 2754 scilicet
513 2699 657 2775 torques,
666 2688 765 2767 anuli,
776 2689 912 2768 zonulae,
923 2688 1032 2754 sericoe
1047 2697 1173 2762 vestes3
1190 2697 1225 2752 et
1234 2709 1309 2752 vere
1318 2709 1385 2752 non
1396 2697 1447 2753 est
1456 2688 1580 2752 otiosus

377 2812 478 2872 amor,
492 2815 560 2857 non
576 2792 766 2858 obliviosus.
811 2791 904 2856 Nihil
918 2791 1042 2856 omittit
1061 2790 1171 2876 regina
1191 2791 1416 2871 solicitudinis,
1431 2791 1513 2855 nihil
1531 2791 1579 2855 in·

379 2895 527 2973 stantiae3
549 2903 654 2958 totam
681 2916 716 2960 se
730 2893 941 2979 pronubam*
963 2893 1171 2981 improbitate
1192 2895 1310 2975 reddit,
1332 2895 1485 2982 quicquid
1501 2896 1582 2960 solet

378 3019 470 3062 amor
484 2998 630 3064 suadere.
676 2999 811 3063 Furenti
829 3006 970 3084 temptat
984 3008 1018 3065 et
1032 2999 1231 3064 omnimodis
1248 2998 1332 3064 Galo
1343 3008 1529 3064 reverenter
1549 3006 1582 3063 et

378 3100 560 3167 verecunde
577 3102 793 3186 negationem,
808 3111 843 3168 et
857 3103 927 3167 sine
941 3103 1074 3189 repulsu
1085 3104 1189 3170 forma
1199 3103 1427 3189 peremptoria,
1449 3103 1581 3188 cupiens

379 3205 484 3290 ipsam
511 3206 581 3270 sine
608 3206 832 3292 desperatione
856 3207 1054 3292 suspendere
1075 3206 1179 3273 donec
1199 3206 1379 3290 resipiscat,
1401 3205 1581 3292 blandaque

380 3309 589 3394 castigatione
618 3310 775 3395 proficere
805 3320 924 3396 sperat.
980 3311 1042 3376 Illa
1070 3319 1224 3397 properat
1252 3309 1415 3376 labentem
1444 3309 1581 3375 retinere

381 3411 528 3497 laxisque
544 3413 686 3478 decurrit
702 3412 837 3478 habenis
850 3438 859 3493 3
881 3413 936 3479 hic
949 3413 1076 3479 laborat
1091 3413 1137 3478 sic
1151 3433 1289 3492 currere,
1303 3421 1342 3478 ut
1356 3435 1423 3478 non
1438 3435 1581 3500 compre-

380 3516 541 3580 hendatur
558 3516 671 3582 seratis
693 3517 858 3602 pudicitiae
872 3516 1008 3596 foribus,
1032 3525 1066 3582 et
1091 3517 1180 3602 quod
1193 3539 1261 3581 non
1276 3525 1327 3582 est
1341 3516 1461 3582 modici
1475 3539 1582 3583 coram

381 3617 538 3683 altissimo
554 3619 660 3684 meriti
675 3629 788 3684 contra
806 3618 1058 3704 pulcritudinem
1083 3627 1118 3682 et
1138 3618 1257 3704 reginae
1271 3617 1401 3684 delicias
1417 3619 1583 3706 carnisque

380 3722 520 3807 propriae
536 3723 684 3787 militiam
700 3733 805 3788 castra
819 3723 977 3788 castitatis
992 3721 1154 3803 observat,
1170 3732 1204 3788 et
1218 3723 1354 3788 consilio
1369 3724 1509 3810 ejusqui
1524 3745 1585 3788 nec

380 3825 462 3890 fallit
487 3847 548 3891 nec
562 3827 682 3890 fallitur
697 3849 832 3892 munera
855 3827 987 3892 tandem
1011 3825 1145 3912 spernit,
1166 3827 1287 3893 refutat
1309 3826 1430 3908 brevia,
1445 3829 1584 3893 nuncios

413 4039 429 4070 *
444 4035 498 4085 The
509 4039 575 4088 word
590 4041 711 4103 pronuba,
730 4039 773 4088 the
792 4040 897 4103 original
909 4041 959 4104 sig·
994 4039 1055 4090 used
1073 4039 1215 4104 commonly
1226 4041 1252 4088 in
1264 4041 1306 4090 the
1319 4040 1416 4092 Middlc
1427 4041 1494 4106 Ager
1505 4042 1587 4092 latha

381 4119 508 4168 nification
520 4121 549 4169 ol
566 4120 646 4171 which
657 4137 707 4172 iras
717 4137 733 4170 a
743 4120 901 4184 bridesmaid,
913 4137 961 4174 aas
993 4138 1065 4174 reuse
1076 4123 1106 4173 of
1114 4137 1129 4172 a
1141 4126 1264 4186 strumpet
1275 4137 1304 4173 or
1315 4123 1395 4174 baud.
