3650 4852
403 485 445 546 62
836 497 1022 544 auserem
1046 497 1168 542 nares
1431 496 1552 561 [ouum.
1564 495 1587 546 1.

403 653 521 732 denda,
535 661 570 716 et
584 651 676 737 quasi
690 673 709 716 a
723 652 795 716 loco
816 650 941 716 loetoris
963 659 1094 735 accepta
1115 647 1245 715 licentia
1267 648 1451 735 pruriginis,
1465 648 1603 735 quisque

403 755 466 821 sibi
479 755 664 841 proximum
680 763 737 820 aut
750 754 933 843 proximam
957 753 1080 838 arripit,
1105 751 1420 838 commiscenturque
1443 761 1603 838 quantum

404 858 541 945 quisque
565 857 742 922 ludibrium
764 859 938 924 extendere
963 857 1146 942 prevalet*
1188 855 1314 920 Dicunt
1336 855 1434 921 etiam
1457 854 1603 941 magistri

404 960 586 1047 docentque
604 959 746 1026 novitios
764 961 930 1026 caritatem
955 981 1027 1026 esse
1048 960 1223 1045 perlectam
1244 977 1337 1043 agere
1356 957 1410 1023 vel
1429 957 1497 1042 pati
1514 957 1603 1042 quod

404 1062 633 1128 desideraverit
647 1072 681 1127 et
694 1061 825 1148 petierit
837 1064 936 1128 frater
950 1072 1007 1127 aut
1018 1083 1119 1141 soror,
1128 1061 1315 1146 extinguere
1327 1058 1449 1125 scilieet
1462 1059 1601 1124 invicem

404 1165 565 1246 ardentes,
591 1174 626 1230 et
650 1186 669 1228 a
691 1165 845 1249 patiendo
871 1163 1013 1230 Paterini
1037 1163 1199 1228 dicuntur.
1245 1163 1286 1227 ln
1311 1163 1429 1248 Anglia
1454 1163 1600 1227 nondum

401 1277 563 1334 venerunt
584 1268 648 1332 nisi
663 1268 814 1348 sedecim,
829 1268 885 1355 qui
906 1277 1068 1355 praecepto
1090 1267 1174 1352 regis
1191 1265 1326 1331 Henrici
1341 1265 1475 1330 secundi
1493 1263 1602 1329 adusti

403 1369 542 1455 etvirgis
552 1370 626 1434 ooesi
636 1368 863 1454 disparuerunt
871 1372 904 1437 in
914 1370 1160 1435 Normanniam.
1183 1367 1602 1455 ApparentnecinBritan-

402 1473 476 1551 nia3
490 1472 525 1536 in
537 1471 723 1556 Andegavia
737 1473 931 1555 multisunt,
943 1475 1001 1539 sed
1014 1475 1050 1538 in
1060 1472 1235 1557 Aquitania
1246 1481 1279 1536 et
1291 1470 1480 1555 Burgundia
1489 1491 1602 1555 super.

403 1571 571 1638 abundant
578 1572 646 1656 jam
655 1572 697 1635 ad
709 1594 840 1638 omnem
853 1574 1058 1641 infinitatem.
1080 1575 1185 1639 Aiunt
1196 1573 1294 1639 etiam
1309 1571 1530 1658 compatriotae
1539 1572 1601 1647 sui,

403 1675 491 1762 quod
507 1674 659 1740 convivas
675 1696 752 1740 suos
773 1675 809 1740 in
823 1675 931 1763 aliquo
954 1677 1149 1742 ferculorum
1170 1698 1303 1741 suorum
1319 1674 1463 1759 capiunt,
1485 1684 1519 1740 et
1531 1675 1601 1738 fue-

402 1780 470 1844 rint
479 1787 518 1842 ut
532 1775 606 1862 ipsi,
618 1797 699 1861 quos
711 1777 833 1843 sufficet
841 1777 1123 1863 predicationibus
1135 1777 1270 1844 occultis
1282 1799 1361 1862 quas
1372 1776 1469 1862 vulgo
1479 1777 1601 1842 iaciunt

403 1887 596 1964 attemptare
611 1899 678 1942 non
693 1879 824 1943 audent.
862 1880 960 1946 Unde
979 1881 1115 1966 contigit
1137 1880 1226 1966 quod
1246 1879 1327 1944 mihi
1350 1877 1502 1944 dominus
1517 1878 1601 1943 Wil-

402 1982 519 2048 lelmua
543 1979 714 2044 Remensis
738 1981 1030 2069 archiepiscopus,†
1053 1985 1151 2048 frater
1175 1983 1293 2068 reginae
1318 1983 1527 2059 Franmrum,
1550 2001 1601 2044 re-

402 2085 479 2152 tulit
493 2093 526 2149 et
540 2083 650 2148 multis
666 2084 869 2151 confirmavit
882 2087 1032 2167 testibus,
1054 2087 1141 2172 quod
1159 2086 1291 2172 quidam
1309 2085 1428 2150 nobilis
1450 2083 1600 2169 princeps

402 2184 579 2275 apartibus
590 2185 727 2250 Viennae
737 2197 829 2252 metu
846 2188 1047 2254 detestabilis
1061 2189 1160 2273 hujus
1177 2189 1298 2273 rapinae
1317 2188 1364 2252 sal
1382 2187 1600 2252 exorcizatum

402 2311 513 2358 secum
528 2289 562 2352 in
577 2289 689 2374 perula
703 2310 832 2375 semper
844 2291 989 2372 haberet,
999 2292 1126 2357 nescius
1139 2292 1232 2378 cujus
1248 2291 1382 2356 domum
1396 2290 1599 2376 ingressurus

401 2404 436 2461 et
449 2392 570 2476 ubique
591 2391 712 2456 timens
732 2391 900 2476 pellaciam
922 2392 1040 2474 hostis,
1062 2393 1159 2459 etiam
1174 2393 1207 2457 in
1224 2414 1336 2458 mensa
1357 2392 1497 2478 propriis
1518 2392 1598 2458 illud

400 2494 586 2582 apponebat
610 2493 701 2560 cibis.
747 2495 911 2560 Perlatum
933 2495 1047 2561 estad
1070 2517 1145 2560 eum
1168 2496 1252 2559 forte
1279 2495 1367 2580 quod
1389 2494 1454 2559 duo
1480 2495 1599 2561 milites

400 2607 554 2683 nepotem
570 2600 696 2678 suum,‡
714 2598 769 2683 qui
784 2598 895 2662 multis
910 2607 1048 2683 praeerat
1061 2597 1192 2683 populis
1208 2605 1241 2662 et
1256 2595 1396 2682 oppidis,
1408 2605 1600 2679 everterant,

400 2691 434 2766 et
448 2721 521 2764 ecce
536 2699 644 2784 ipsum
660 2702 702 2762 ad
716 2708 870 2784 nepotem
885 2721 1001 2780 suum3
1017 2697 1218 2764 coenantibus
1234 2697 1297 2761 illis
1311 2697 1371 2762 rite
1387 2697 1495 2778 simul,
1510 2699 1601 2783 iguo-

399 2812 492 2869 rante
506 2809 626 2886 nepote
642 2800 720 2884 quid
743 2810 900 2885 ageretur,
925 2801 1003 2865 fecit
1023 2801 1184 2865 avunculo
1200 2822 1260 2864 suo
1274 2799 1412 2864 mullum
1438 2799 1599 2886 integrum

398 2904 435 2970 in
450 2904 540 2968 disco
565 2900 697 2988 apponi,
711 2902 860 2988 pulcrum
875 2902 948 2967 visu
970 2911 1004 2966 et
1025 2903 1065 2966 ad
1087 2901 1285 2967 vescendum
1300 2921 1443 2981 suavem,
1457 2911 1496 2966 ut
1510 2904 1600 2970 vide-

400 3005 506 3071 batur.
549 3003 715 3089 Apposuit
743 3025 819 3090 ergo
844 3004 937 3068 miles
963 3003 1021 3084 sal,
1047 3014 1081 3068 et
1106 3002 1264 3089 disparuit
1293 3001 1402 3068 subito
1427 3003 1537 3091 piscis,
1567 3016 1601 3073 et

400 3108 530 3193 reliquit
543 3108 577 3171 in
598 3107 689 3172 disco
709 3107 802 3194 quasi
824 3107 942 3193 pilulas
962 3108 1032 3172 fimi
1050 3106 1198 3193 leporini.
1243 3105 1423 3172 Abhorruit
1447 3107 1551 3189 miles,
1566 3120 1601 3175 et

400 3211 456 3297 qui
471 3232 545 3276 cum
560 3231 599 3276 eo
614 3219 717 3291 erant,
739 3220 935 3296 ostensoque
959 3211 1071 3296 nepoti
1095 3231 1155 3275 suo
1181 3209 1346 3291 miraculo,
1360 3211 1548 3297 predicavit
1569 3213 1600 3279 ei

432 3392 449 3427 ⁴¹
465 3393 526 3444 'l'his
537 3393 645 3444 horrible
655 3395 798 3445 eccumtiou
809 3411 857 3446 was
867 3411 896 3444 ro
906 3411 981 3460 geue-
1016 3395 1119 3446 Rheime
1129 3395 1195 3444 from
1203 3395 1267 3446 1176
1278 3400 1305 3443 to
1316 3395 1388 3444 1202.
1408 3393 1505 3445 Heres
1515 3395 1599 3445 fourth

399 3475 461 3539 relly
471 3475 542 3524 mede
552 3475 647 3536 quinat
657 3476 691 3524 all
701 3476 744 3525 tha
755 3482 821 3526 recta
831 3478 887 3526 who
898 3484 924 3526 at
935 3478 982 3527 dis·
1016 3493 1062 3528 sou
1072 3478 1101 3527 of
1109 3477 1236 3526 Theobald
1248 3476 1294 3526 IV.
1312 3482 1389 3526 count
1400 3477 1429 3526 of
1438 3477 1599 3541 Champeinc,

398 3559 479 3608 lereut
496 3557 593 3620 periodi
612 3556 737 3607 dissented
749 3557 813 3607 from
830 3559 873 3607 the
890 3559 983 3608 ehurch
1016 3559 1065 3608 aad
1081 3558 1203 3608 therefore
1218 3557 1320 3606 brother
1336 3557 1366 3606 ol
1380 3557 1459 3607 Adela
1473 3573 1556 3622 queen
1572 3560 1601 3609 ol

399 3639 428 3689 of
443 3639 531 3698 Rome,
543 3637 624 3688 endis
642 3639 668 3688 in
685 3640 756 3690 itself
773 3655 801 3690 ao
817 3639 980 3704 improbable,
1016 3640 1093 3690 Locis
1105 3640 1165 3690 Vll.
1177 3640 1237 3702 king
1248 3639 1276 3688 ol
1285 3639 1385 3688 Frtnce.

398 3721 454 3770 that
464 3721 485 3770 it
496 3721 608 3770 decenos
619 3735 652 3771 uo
663 3721 749 3770 eredit.
785 3723 831 3771 See
842 3722 885 3770 the
897 3722 981 3770 latro·
1048 3724 1063 3784 ζ
1081 3722 1134 3772 The
1141 3720 1334 3787 personalluded
1346 3725 1371 3769 to
1382 3721 1408 3769 iu
1420 3720 1462 3771 the
1473 3720 1598 3786 following

399 3803 502 3852 ductiou
518 3808 545 3852 to
563 3803 606 3852 the
623 3803 785 3867 Procesdim
795 3804 983 3866 againrtDame
1015 3810 1085 3867 story
1106 3819 1155 3852 was
1182 3803 1290 3866 perhaps
1318 3801 1390 3850 Eudo
1412 3803 1444 3851 de
1466 3802 1552 3862 Stella,
1571 3803 1601 3853 ol

398 3883 470 3934 hlice
481 3883 592 3946 Kyteler,
604 3899 647 3947 pp.
659 3884 770 3934 v.-riii.
1014 3885 1095 3934 whom
1107 3887 1155 3934 aud
1168 3885 1206 3934 hie
1225 3883 1341 3948 disciples
1357 3882 1442 3946 along
1459 3886 1598 3934 accountis

431 3964 584 4024 †William,
603 3965 735 4014 sarnamed
754 3965 788 4014 ed
806 3967 876 4014 altus
895 3981 982 4016 masse
1012 3967 1086 4030 giren
1105 3966 1138 4030 by
1160 3965 1268 4014 william
1290 3964 1320 4015 of
1334 3963 1468 4029 Neobury,
1480 3965 1521 4016 De
1533 3965 1596 4018 Reb.

400 4059 428 4094 or
451 4057 501 4092 aaa
527 4045 643 4094 disaster
669 4047 756 4104 mdes,
784 4047 933 4112 archbishop
955 4047 984 4097 ol
1014 4048 1089 4110 hugi.
1101 4047 1146 4098 lib.
1154 4047 1172 4097 i.
1185 4063 1208 4096 ο.
1220 4050 1258 4098 19.
