3608 4862
222 565 344 630 σιμή]
592 564 640 608 ns
664 563 775 610 suuis
798 563 1024 610 ouarnnruu.
1346 549 1409 608 159

206 734 284 799 vino
299 733 391 799 venit
403 733 438 798 in
453 733 626 812 Venerem,
634 733 830 819 viduamque
845 733 908 799 vici
919 731 1060 820 proximi
1068 731 1318 819 pulcherrimam
1333 732 1408 796 ada·

205 839 319 916 mavit,
334 848 367 903 et
392 861 467 902 cum
483 859 517 902 se
541 837 637 902 sciret
651 837 691 901 ad
707 859 850 902 amorem
870 837 1019 922 ineptum
1039 847 1106 902 tam
1133 837 1256 902 facetiae
1280 836 1409 901 defectu

209 963 307 1026 quam
323 941 467 1006 foeditate
491 939 593 1019 faciei,
609 939 798 1004 muneribus
812 939 954 1005 intendit
975 961 1098 1005 armare
1112 939 1281 1005 fallaciam.
1327 939 1410 1003 Haec

209 1055 318 1109 autem
330 1045 436 1129 jacula
461 1053 539 1129 post
562 1044 725 1129 repulsam
748 1043 1022 1128 pulchritudinem
1048 1054 1082 1108 et
1106 1044 1186 1108 facie
1208 1043 1332 1108 facibus
1355 1065 1411 1106 ex·

210 1146 334 1224 tinctis,
344 1146 580 1229 verborumque
595 1144 719 1209 fascino
730 1153 900 1224 retroacto,
911 1154 989 1230 post
1000 1166 1113 1209 omnes
1126 1145 1285 1210 Minerva
1297 1145 1412 1208 bium·

210 1250 296 1333 phos
306 1257 476 1334 penetrare
492 1247 644 1312 dicuntur
658 1247 805 1332 aegidem.
849 1247 976 1312 Duram
991 1257 1024 1312 et
1039 1246 1190 1313 rebellem
1201 1247 1306 1334 prima
1320 1269 1412 1333 repe-

210 1363 326 1417 rerunt
341 1351 483 1431 donaria,
500 1351 556 1415 sed
568 1351 716 1437 improba
731 1351 863 1415 tandem
875 1350 1028 1416 instantia
1042 1351 1200 1416 vicerunt.
1243 1350 1339 1416 Votis
1353 1351 1413 1436 igi-

212 1467 267 1522 tur
282 1453 563 1532 convenientibus,
584 1475 652 1518 non
674 1464 743 1519 erat
768 1453 815 1518 eis
839 1453 931 1519 locus
955 1454 1163 1520 conveniens.
1209 1454 1414 1540 Impediebat

211 1561 299 1647 apud
313 1561 421 1646 ipsam
435 1559 607 1624 hominum
621 1558 889 1643 loeminarumque
911 1559 1102 1644 frequentia,
1115 1580 1214 1644 penes
1237 1559 1346 1644 ipsum
1361 1579 1409 1623 re-

211 1662 356 1728 verentis
385 1659 584 1725 monasterii.
622 1659 825 1744 Cupiebatur
863 1660 941 1724 hinc
970 1660 1106 1725 Veneris
1137 1683 1231 1747 opus,
1261 1670 1296 1725 et
1323 1660 1412 1725 illinc

214 1764 365 1848 utrinque
388 1760 563 1826 timebatur
576 1760 719 1826 infamia.
763 1760 934 1846 Voluptati
949 1762 1080 1827 tandem
1097 1762 1315 1848 quaerentibus
1330 1762 1413 1847 apti·

213 1868 361 1932 tudinem
384 1865 535 1944 occurrit,
550 1864 706 1949 surreptis
727 1864 869 1930 ecclesiae
896 1865 1068 1945 thesauris,
1086 1866 1257 1950 viduaeque
1281 1864 1413 1943 divitiis,

214 1970 384 2056 opulenter
399 1969 539 2054 effugere
556 1967 762 2053 praesentiam
777 1966 1028 2033 obtrectantium
1043 1978 1076 2032 et
1090 1968 1204 2052 populi
1226 1969 1414 2045 tumultum,

213 2083 251 2138 ut
280 2072 315 2136 in
338 2071 489 2136 absentes
512 2073 686 2156 loquantur
707 2069 802 2134 liceat
826 2071 977 2134 omnibus
1002 2091 1201 2156 quaecunque
1231 2070 1415 2135 voluerunt.

215 2177 303 2241 Dum
321 2175 419 2239 simul
433 2174 565 2253 lateant,
580 2194 646 2237 non
662 2171 854 2237 erubescent
862 2171 897 2235 in
908 2172 980 2236 loco
993 2171 1123 2236 silentii.
1167 2172 1277 2236 Noctu
1286 2171 1415 2256 fugiunt

214 2289 253 2344 ut
267 2286 538 2364 praeparaverant.
584 2275 749 2361 Evigilant
774 2275 807 2338 in
831 2275 911 2339 hora
937 2273 1067 2360 synaxis
1091 2295 1131 2339 ex
1150 2295 1240 2338 more
1256 2274 1416 2353 monachi,

217 2390 396 2468 queruntur
419 2379 532 2444 horam
556 2379 710 2442 transisse
732 2377 895 2463 pulsandi,
912 2399 1041 2443 causam
1056 2387 1216 2462 quaerunt,
1232 2377 1329 2441 altare
1344 2377 1417 2462 phi-

215 2481 336 2548 lactriis
352 2483 511 2547 nudatum
524 2482 648 2560 vident,
664 2489 850 2545 scrutantur
861 2480 958 2544 armis
973 2490 1008 2545 et
1021 2503 1088 2546 non
1102 2480 1243 2544 inventis
1258 2479 1417 2544 thesauris

217 2585 421 2651 sciscitantur
437 2584 494 2649 ubi
509 2584 653 2663 sacrista,
665 2593 844 2669 sequuntur
858 2606 932 2648 eum
945 2592 978 2648 et
992 2591 1245 2668 consequuntur.
1284 2583 1345 2647 Illa
1360 2581 1415 2646 de-

217 2689 358 2754 mittitur
370 2689 410 2753 de
425 2711 489 2774 qua
503 2688 584 2751 nihil
598 2687 640 2751 ad
654 2709 723 2751 eos.
751 2689 799 2750 At
811 2687 865 2751 ille
878 2687 975 2751 miser
986 2687 1096 2751 ferreis
1111 2686 1254 2770 injicitur
1267 2686 1416 2762 ricerdis,

217 2804 251 2859 et
262 2793 296 2858 in
306 2813 430 2858 carcere
440 2791 597 2876 linquitur
606 2790 763 2854 altissimo
775 2790 874 2869 solus,
884 2813 966 2875 aqua
975 2789 1099 2869 vinum,
1110 2791 1194 2854 fame
1210 2789 1329 2869 cibum,
1341 2790 1417 2854 exili

219 2897 308 2961 victu
323 2895 487 2980 crapulam
496 2895 653 2979 plectens,
662 2893 809 2959 nuditate
828 2893 989 2978 pelliceas,
999 2916 1105 2959 arenae
1120 2894 1283 2960 redimens
1298 2893 1418 2978 asperi-

218 3009 285 3064 tate
300 3008 476 3063 stratorum
492 2997 658 3075 mollicies,
675 2996 848 3061 sobrietate
864 3006 975 3062 coacta
989 2998 1163 3082 crapulam,
1173 3019 1267 3063 cruce
1282 2995 1417 3063 carceris

218 3102 437 3167 thalamorum
460 3100 600 3178 delicias,
623 3100 727 3164 lucem
758 3099 965 3179 obscuritate,
992 3122 1129 3165 moerore
1153 3101 1310 3167 laetitiam.
1356 3100 1418 3165 cui

219 3214 296 3291 post
311 3205 445 3270 multam
461 3204 670 3268 afflictionem
686 3203 867 3287 Morpheus
883 3213 968 3268 astat
978 3203 1150 3268 insultans.
1181 3209 1203 3241 “
1216 3203 1419 3281 Haecsunt,''

220 3309 338 3392 inquit,
352 3310 373 3342 “
383 3307 517 3390 picturas
532 3313 598 3368 tuae
613 3304 709 3389 digna
725 3303 904 3389 stipendia3
926 3304 1093 3390 pingebas,
1104 3316 1138 3369 et
1153 3327 1212 3390 ego
1228 3305 1269 3369 de
1283 3303 1423 3369 retribu-

221 3408 311 3474 tione
335 3406 517 3472 studebam.
574 3407 657 3471 Haec
682 3415 750 3470 arte
773 3429 856 3485 mea,
889 3429 956 3470 non
982 3407 1103 3472 virtute
1130 3407 1188 3470 sed
1209 3406 1421 3493 permissione

219 3511 293 3590 Dei,
309 3520 492 3596 perpetrata
507 3509 589 3574 scias
607 3518 640 3574 et
656 3509 787 3574 sentias.
833 3509 926 3574 Licet
941 3509 1078 3575 etiamsi
1093 3509 1190 3596 pelim
1206 3511 1240 3573 in
1255 3520 1289 3574 te
1305 3507 1418 3572 saevire

222 3613 345 3691 durius,
364 3613 439 3698 quia
468 3613 585 3677 tollens
615 3611 761 3676 membra
787 3612 909 3677 Christi
932 3611 1036 3676 iecisti
1063 3612 1208 3677 membra
1233 3611 1421 3677 meretricis.

223 3717 316 3781 Nihil
326 3717 426 3780 habes
442 3715 639 3782 defensionis
652 3725 765 3780 contra
779 3726 869 3780 meos
884 3715 1037 3799 impetus,
1052 3715 1109 3778 sed
1125 3736 1184 3778 nec
1200 3713 1259 3778 tibi
1274 3714 1348 3778 licet
1363 3735 1423 3798 pro

223 3819 345 3885 catenis
366 3842 480 3884 manus
503 3820 623 3905 erigere
645 3827 683 3882 ut
706 3818 798 3903 signo
819 3817 923 3882 crucis
950 3815 1092 3882 armeris.
1148 3816 1213 3880 Sed
1232 3818 1300 3902 jam
1328 3824 1425 3895 certe,

224 3923 300 4006 quia
323 3922 427 3987 victor
456 3945 529 3987 sum
559 3931 593 3987 et
614 3931 652 3986 tu
681 3921 786 3987 victus
817 3930 850 3986 et
872 3922 1000 3986 vinctus
1031 3919 1264 3999 miserabiliter,
1296 3921 1427 3986 miseret

224 4048 276 4090 me
291 4027 350 4106 tui,
370 4034 466 4112 teque
492 4027 561 4112 jam
583 4024 624 4089 ab
646 4025 698 4088 his
714 4024 847 4110 eripiam
873 4023 1022 4103 vinculis,
1044 4032 1078 4088 et
1107 4024 1198 4109 quasi
1229 4046 1293 4088 non
1326 4024 1426 4089 lucris

222 4130 251 4194 is
280 4127 336 4214 qui
364 4127 485 4214 probra
512 4126 624 4192 iecerit
654 4125 759 4192 delicti
783 4126 833 4191 tui
859 4125 974 4192 delebo
997 4127 1107 4207 fidem,
1136 4128 1295 4212 famaeque
1332 4126 1428 4191 resti-
