3608 4862
223 575 336 642 cupri]
605 573 654 622 nn
677 573 789 622 soora
812 573 1037 622 cnarsnrurr.
1345 559 1407 618 llll

207 727 306 794 eorde
320 735 378 792 tuo
392 735 485 792 tenes
499 723 647 791 ancillam
661 735 738 808 tuae,
753 726 838 793 sicut
850 747 927 813 ergo
942 747 994 792 me
1008 723 1099 789 frena
1113 721 1231 788 nullius
1251 725 1408 810 potentiss

210 841 321 896 tenere
342 836 483 914 possunt
503 849 546 892 ne
565 826 625 892 tibi
645 827 798 913 quelibet
818 838 896 896 vota
916 827 1090 915 perficiam,
1104 827 1194 892 nulla
1219 834 1252 892 tc
1274 827 1408 892 calcaris

209 942 365 997 moveant
378 951 484 995 meam
494 929 596 996 vitare
610 931 816 1016 praesentiam
830 932 884 998 rel
898 933 1037 1017 effugere
1053 929 1250 996 societatem.
1295 929 1410 995 Credi-

210 1033 275 1099 bile
290 1034 369 1098 satis
383 1041 435 1098 est
452 1032 540 1118 quod
564 1032 599 1097 in
614 1035 704 1099 omni
725 1035 908 1100 narratione
922 1056 1019 1120 quam
1034 1033 1170 1100 extorsit
1183 1032 1294 1118 regina
1307 1054 1408 1098 verax

210 1157 258 1216 es,
282 1145 418 1224 excepta
441 1137 645 1203 confessione
675 1138 868 1218 timiditatis,
887 1159 959 1224 quas
984 1157 1151 1223 nunquam
1173 1134 1208 1200 in
1232 1157 1289 1200 cor
1312 1144 1407 1200 tuum

211 1240 367 1305 ascendit.
421 1239 590 1325 Singulare
604 1261 678 1304 cum
693 1241 821 1326 gigante
836 1251 998 1307 certamen
1011 1240 1099 1320 volo,
1113 1238 1189 1324 quia
1210 1237 1257 1303 sio
1279 1239 1408 1302 locutus

211 1342 381 1422 ea,ineas;
396 1342 503 1408 sedin
517 1343 615 1406 armis
629 1342 695 1408 tuis
713 1365 766 1408 me
778 1343 838 1408 sub
853 1344 902 1408 tui
917 1351 1077 1429 praetextu
1091 1341 1234 1427 periculo
1249 1339 1408 1426 subjicere

211 1445 347 1531 placeat,
369 1455 408 1509 nt
431 1443 493 1509 sub
515 1445 649 1510 nomine
673 1454 732 1509 tuo
753 1445 844 1510 nullo
863 1445 1049 1511 consciente
1075 1444 1164 1509 salva
1186 1442 1247 1509 tibi
1266 1444 1407 1508 militum

211 1546 434 1626 indemnitate,
467 1567 509 1610 ne
543 1547 595 1612 rel
616 1546 722 1612 rictus
747 1547 856 1612 doleas
878 1548 931 1613 rel
959 1570 979 1612 a
1004 1547 1170 1632 triumpho
1203 1567 1256 1612 me
1286 1546 1408 1612 victore

210 1649 378 1724 tunderis,
398 1657 437 1714 ut
461 1649 551 1714 nullo
572 1650 679 1734 possit
700 1671 778 1714 casu
799 1650 936 1714 fortuitu
959 1650 1096 1735 derupta
1121 1649 1274 1716 societate
1298 1659 1410 1715 nostra

211 1753 293 1818 livor
314 1753 447 1817 loetari.''
492 1753 575 1818 Haec
595 1752 745 1817 fidelibus
767 1753 905 1818 lacrimis
930 1763 965 1818 et
988 1753 1126 1839 supplici
1145 1753 1269 1838 gemitu
1293 1753 1410 1818 Ssdius

212 1854 369 1920 substitit.
413 1855 518 1941 Igitur
532 1855 616 1921 Galo
642 1855 761 1921 crebris
784 1855 979 1942 singultibus
1000 1877 1179 1941 suspensus
1201 1879 1222 1921 a
1241 1877 1410 1942 responso,

212 1976 287 2022 cum
307 1958 398 2043 loqui
418 1959 510 2024 licuit
531 1959 588 2038 ait,
614 1959 796 2024 “Gaudeat
818 1959 902 2024 alma
929 1958 1022 2038 fides,
1047 1968 1082 2024 et
1102 1959 1145 2023 ab
1168 1959 1309 2045 antiquis
1334 1959 1410 2026 exul

212 2061 327 2126 diebus
348 2061 423 2127 laeta
443 2064 606 2148 repatriet,
628 2085 774 2128 securam
794 2085 829 2128 se
844 2062 1012 2128 defensore
1030 2061 1129 2126 Sadio
1151 2062 1321 2127 decantare
1342 2083 1410 2127 non

212 2163 336 2229 timeat.
370 2164 549 2229 Karissime
563 2164 619 2242 mi,
634 2165 754 2250 reperit
763 2184 855 2228 amor
865 2173 941 2227 tuus
950 2162 1036 2227 viam
1047 2183 1111 2246 qua
1125 2171 1277 2242 revertar,
1291 2171 1330 2227 ut
1343 2173 1409 2228 tnae

212 2265 330 2330 modus
349 2265 546 2332 inventionis
564 2273 772 2330 convertatur
790 2265 826 2329 in
845 2263 985 2343 modico,
1006 2263 1128 2328 scilicet
1140 2272 1179 2327 ut
1192 2263 1304 2328 furtim
1321 2285 1411 2330 arma

212 2379 325 2433 nostra
345 2375 522 2446 mutentur,
536 2376 570 2432 et
583 2367 617 2430 in
632 2366 698 2430 tuis
712 2388 772 2452 ego
787 2365 1006 2452 quorumlibet
1019 2365 1172 2450 opinione
1187 2365 1322 2454 decepta
1336 2388 1412 2432 cum

212 2471 341 2556 gigante
356 2467 552 2553 congrediar,
567 2467 719 2552 quatinus
734 2467 841 2534 occiso
862 2489 915 2532 me
928 2467 1048 2532 veritas
1063 2467 1162 2533 occisi
1184 2468 1353 2534 manifesta
1368 2469 1413 2534 sit

213 2571 265 2639 rel
291 2571 465 2657 superstite
487 2568 548 2634 tibi
568 2569 669 2654 gloria
698 2569 855 2655 triumphi
880 2570 962 2635 clam
988 2570 1145 2656 depositis
1164 2571 1262 2636 armis
1284 2572 1412 2638 solenni

213 2677 308 2742 laude
334 2673 522 2740 celebretur.
565 2672 662 2737 Addo
686 2673 795 2752 etiam,
824 2673 912 2758 quod
941 2683 1016 2738 ante
1039 2694 1248 2759 congressum
1277 2675 1411 2743 domino

214 2801 288 2844 meo
302 2779 380 2864 regi,
395 2777 535 2842 dominae
549 2775 667 2861 reginas
690 2797 743 2840 me
763 2785 870 2840 tecum
892 2773 955 2840 hoc
976 2783 1072 2860 pacto
1086 2783 1251 2841 retentum
1267 2777 1411 2861 intimes,

214 2891 254 2946 ut
281 2901 341 2966 pro
370 2901 424 2944 me
452 2879 551 2944 duelli
574 2877 747 2943 discrimen
773 2876 900 2943 subeas.
945 2877 1021 2943 Hoc
1044 2877 1142 2942 etiam
1170 2879 1252 2944 mihi
1279 2890 1415 2966 proestet

214 2983 355 3049 amicitia
369 2991 436 3057 tua,
450 2992 490 3047 ut
512 2981 596 3047 inter
608 2981 700 3045 initia
725 2981 906 3060 conflictus,
927 2981 1012 3046 bota
1033 2981 1268 3047 confluentium
1282 3005 1413 3065 corona,

214 3086 427 3151 liberatricem
441 3106 548 3150 meam
563 3085 711 3165 advoces,
734 3093 768 3148 et
788 3085 851 3170 ipsi
874 3084 934 3149 soli
956 3085 1095 3150 revelata
1117 3085 1184 3150 doli
1205 3087 1309 3152 nostri
1330 3088 1413 3154 veri·

214 3199 283 3255 tate
312 3211 423 3253 secum
451 3197 522 3253 toto
550 3197 698 3273 tempore
727 3186 898 3252 conflictus
921 3185 1092 3251 consilium
1117 3185 1237 3252 habeas
1267 3191 1414 3256 consola-

214 3292 325 3371 tionis,
349 3291 377 3356 si
399 3293 484 3358 forte
506 3313 578 3356 cum
602 3291 673 3376 ipsa
687 3289 739 3355 vel
761 3311 801 3354 ex
823 3290 944 3354 nostris
958 3289 1074 3375 aliquae
1088 3291 1196 3354 velex
1215 3290 1326 3356 abania
1341 3293 1412 3360 alim

215 3393 413 3459 convenerit.
450 3393 637 3478 Cognosces
650 3391 739 3456 illam
754 3391 903 3456 maximis
913 3391 1098 3476 proximans
1113 3390 1329 3458 mediocribus
1344 3417 1415 3458 ma-

210 3498 317 3582 jorem
332 3496 397 3560 alta
410 3495 544 3575 cervice,
559 3493 698 3581 scapulis
713 3493 873 3574 demissis,
890 3495 976 3560 felici
989 3494 1193 3581 proceritate,
1206 3515 1273 3580 prae
1288 3497 1412 3561 caeteris

214 3608 398 3678 venustam,
420 3607 459 3662 ut
480 3597 586 3684 possit
600 3597 696 3663 decor
711 3607 844 3683 opertus
859 3619 900 3662 ex
921 3596 984 3660 hiis
1003 3619 1075 3682 quse
1098 3606 1176 3661 sunt
1196 3607 1307 3682 aperta
1328 3597 1414 3663 desi·

215 3702 364 3766 deranter
378 3702 520 3788 appeti.''

259 3802 366 3868 Dictis
395 3802 459 3867 hiis
488 3812 522 3867 et
549 3801 688 3868 fideliter
716 3799 907 3880 observatis,
936 3821 1010 3864 ecce
1041 3799 1201 3865 salvatum
1238 3800 1414 3866 solenniter

215 3914 409 3990 occupatum
438 3927 458 3968 a
486 3904 619 3970 cohorte
648 3905 786 3990 gigantis
815 3923 920 3990 usque
947 3902 989 3966 ad
1011 3912 1137 3988 partem
1165 3904 1316 3983 mediam,
1338 3925 1413 3990 pars

214 4007 316 4072 altera
347 4007 415 4092 regi
450 4027 549 4092 quem
581 4007 695 4072 dicunt
729 4006 925 4071 Asianorum
961 4005 1163 4091 relinquitur,
1191 4017 1226 4072 et
1260 4006 1415 4093 impletur

214 4109 359 4196 opipare.
404 4108 554 4194 Gigantis
575 4109 674 4194 igitur
698 4117 806 4176 erecto
831 4109 972 4175 tentorio
993 4109 1149 4195 pretioso,
1175 4133 1284 4177 coram
1304 4111 1414 4176 hostio

212 4212 345 4283 tentorii
368 4221 562 4280 cunctorum
591 4213 626 4277 in
658 4212 761 4280 oculis
793 4213 911 4299 pannis
939 4213 1089 4300 regaliter
1111 4214 1273 4282 insidebat
1305 4212 1414 4280 sericis
