3610 4852
253 541 315 607 esp.
327 540 377 606 tn]
654 543 700 587 ns
717 539 828 589 nuere
845 541 1068 590 cunrnmnn.
1369 527 1434 592 'aot

236 711 357 776 elector
384 711 491 789 velox,
520 721 554 775 et
578 709 661 795 juris
696 721 730 776 et
757 712 883 796 injuriae
911 712 1004 777 fortis
1033 713 1165 779 evictor.
1234 707 1308 780 Hiis
1337 716 1435 800 igitur

236 837 363 880 morum
390 815 574 880 eminentiis
612 835 721 880 comes
757 815 811 880 ille
839 814 946 881 bonus
972 816 1006 881 in
1036 817 1251 903 apparentia*
1272 841 1344 904 quoe
1369 820 1433 885 fide

235 917 414 982 nativitatis
437 917 578 982 habebat
602 917 720 1003 probra
745 917 884 1004 tegebat,
907 929 942 983 et
966 919 1072 984 valida
1091 923 1259 1007 premebat
1280 923 1433 988 violentia

234 1021 377 1084 innatam
395 1021 526 1084 malitiae
541 1020 700 1100 militiam,
714 1043 774 1086 neo
790 1022 859 1086 sine
873 1023 950 1086 forti
969 1044 1144 1108 congressu
1159 1026 1362 1110 conspectior
1383 1035 1434 1089 est

233 1123 370 1201 caeteris,
385 1121 438 1188 oui
453 1145 528 1188 cum
545 1134 659 1189 natura
679 1122 849 1189 conflictus
864 1133 926 1188 est.
970 1123 1114 1188 Emersit
1128 1136 1237 1191 tamen
1251 1137 1286 1192 et
1308 1149 1343 1192 se
1357 1129 1433 1192 licet

233 1226 288 1289 vix
304 1248 323 1290 a
337 1227 496 1291 virtutum
517 1226 667 1290 manibus
690 1235 800 1310 erepta
822 1226 982 1310 cupiditas
1004 1227 1116 1306 erexit,
1138 1237 1172 1292 et
1194 1227 1228 1292 in
1251 1229 1432 1294 subsidium

233 1329 389 1413 largitatis
411 1329 541 1415 irrepsit
559 1329 715 1407 aviditas;
739 1327 910 1392 affectabat
929 1329 1016 1394 enim
1036 1351 1230 1415 quocunque
1244 1332 1342 1397 modo
1362 1354 1430 1396 rem

231 1428 312 1494 lucri
327 1431 441 1510 facere,
456 1433 607 1517 quatinus
630 1431 736 1496 modis
758 1429 937 1496 abundaret
958 1431 1109 1496 omnibus
1124 1432 1211 1512 dare,
1232 1453 1294 1499 nee
1314 1435 1433 1519 puduit

232 1555 344 1618 rapere
358 1534 446 1619 quod
460 1544 574 1619 posset
595 1555 736 1620 erogare,
751 1555 825 1598 cum
841 1555 907 1598 non
923 1533 1040 1599 debeat
1054 1535 1182 1620 largitas
1197 1537 1358 1602 facultatis
1374 1559 1431 1602 ex·

231 1636 345 1701 cedere
363 1637 509 1718 modum,
524 1658 585 1702 nec
600 1636 644 1701 sit
665 1638 740 1702 dare
755 1637 825 1700 laus
841 1637 928 1722 quod
943 1637 1117 1722 adquisivit
1131 1640 1228 1703 fraus.
1274 1639 1339 1706 Hic
1354 1661 1429 1705 cum

228 1749 318 1804 esset
328 1739 621 1825 incomparabiliter
635 1762 781 1805 summus
797 1741 956 1818 omnium,
970 1751 1003 1804 et
1016 1741 1122 1826 possit
1133 1740 1173 1804 ab
1183 1743 1299 1826 ignavo
1315 1744 1429 1810 divite

230 1840 1429 1928 quedominoquidvisfacilevirprobasetimprobnsoptinere,adomino

231 1965 290 2008 suo
299 1965 372 2028 rege
382 1943 571 2008 comitatum
582 1942 724 2009 obtinuit
733 1943 945 2008 etdimidium
957 1944 1215 2029 etperlocatum
1226 1945 1349 2031 abipso
1358 1958 1430 2012 tum

231 2045 272 2110 ab
292 2046 361 2110 aliis
382 2045 509 2131 singula
529 2068 665 2132 quaeque
685 2047 812 2131 placita.
858 2046 1024 2112 Berokelai
1039 2068 1141 2132 prope
1161 2047 1341 2129 Sabrinam,
1355 2051 1431 2116 villa

229 2150 477 2234 quingentarum
513 2148 678 2229 librarum,
704 2147 891 2214 monialium
921 2159 989 2214 erat
1014 2149 1060 2214 ibi
1086 2148 1296 2227 manentium,
1321 2154 1430 2217 ethis

231 2250 394 2316 abbatissa
422 2251 541 2316 nobilis
571 2263 606 2316 et
633 2254 785 2317 formosa.
841 2251 901 2316 Vir
929 2261 1037 2317 autem
1073 2252 1246 2338 predictus
1279 2254 1431 2320 omnibus

228 2354 383 2439 inspectis
399 2354 432 2417 in
453 2355 531 2418 dolo
544 2354 655 2419 subtili
671 2355 759 2432 satis,
780 2377 846 2418 non
863 2354 967 2440 ipsam
983 2355 1041 2420 sed
1057 2377 1115 2419 sua
1130 2355 1275 2440 cupiens,
1292 2355 1326 2419 in
1342 2365 1429 2422 tran-

230 2457 295 2520 situ
317 2457 346 2520 ei
363 2456 493 2541 reliquit
507 2467 659 2542 nepotem
675 2479 770 2521 suum
781 2457 937 2541 juvenem
952 2457 1199 2540 elegantissime
1220 2460 1344 2538 formae,
1358 2471 1432 2525 tan-

229 2581 325 2644 quam
356 2559 520 2624 infirmum
551 2560 655 2625 donoc
690 2568 913 2638 reverteretur,
946 2559 1165 2646 instruxitque
1196 2562 1358 2645 jacentem
1388 2585 1429 2627 ne

222 2662 357 2747 penitus
389 2661 629 2726 convalesceret
654 2661 757 2725 donec
782 2661 952 2726 visitantes
981 2661 1090 2746 ipsum
1120 2672 1155 2726 et
1177 2662 1373 2727 abbatissam
1396 2673 1430 2727 et

225 2784 434 2848 quascunque
456 2773 570 2848 posset
594 2763 749 2828 moniales
772 2761 903 2828 fecisset
928 2764 968 2827 de
1000 2764 1146 2828 honestis
1169 2774 1313 2845 onustas,
1337 2775 1371 2832 et
1392 2775 1431 2832 ut

226 2866 355 2951 plenam
375 2866 497 2930 valeret
519 2865 560 2931 ab
586 2867 633 2930 eis
659 2863 789 2951 assequi
805 2886 888 2950 puer
908 2865 1103 2930 visitationis
1117 2868 1252 2952 gratiam
1267 2869 1381 2934 anulos
1396 2880 1430 2935 et

226 2968 360 3033 aonulos
375 2967 589 3054 nebridesque
603 2969 740 3055 gemmis
756 2967 898 3032 sidereas
913 2967 943 3032 ei
957 2969 1048 3033 dedit
1061 2969 1142 3052 ipsis
1157 2970 1191 3034 in
1206 2972 1320 3036 fraude
1334 2972 1429 3058 largi·

224 3071 317 3135 enda.
363 3070 397 3134 Is
411 3070 510 3155 igitur
523 3071 700 3156 voluptatis
715 3071 777 3134 iter
796 3071 983 3136 ultroneum
998 3072 1137 3138 libenter
1151 3095 1330 3159 aggressus,
1354 3077 1430 3160 quia

226 3172 346 3238 ‘facilis
362 3172 537 3238 descensus
552 3173 696 3253 Averni,'
711 3173 803 3238 facile
818 3174 961 3249 docetur,
979 3183 1012 3239 et
1033 3175 1068 3238 in
1094 3174 1128 3239 id
1151 3177 1238 3261 quod
1261 3176 1324 3241 sibi
1345 3179 1430 3264 sapit

223 3275 386 3360 sapienter
411 3275 539 3361 desipit.
585 3277 689 3340 Penes
715 3274 825 3361 ipsum
848 3277 1002 3355 resident,
1028 3277 1137 3341 omnia
1161 3279 1260 3342 fatuis
1285 3281 1428 3364 optanda

223 3376 401 3462 virginibus
418 3378 635 3463 pulchritudo,
650 3378 837 3444 deliciarum
859 3378 992 3454 divitioe,
1011 3378 1194 3459 affabilitas,
1214 3389 1248 3444 et
1270 3381 1426 3447 sollicitus

223 3491 274 3544 est
296 3481 421 3566 singula
435 3481 544 3546 locum
568 3480 686 3546 habere
708 3480 853 3546 zabulus.
900 3481 1061 3545 Palladem
1084 3482 1182 3566 igitur
1203 3483 1339 3568 expulit,
1360 3484 1426 3548 Ve-

222 3605 332 3648 nerem
347 3584 468 3664 intulit,
489 3585 629 3670 fecitque
653 3583 830 3649 Salvatoris
852 3593 886 3648 et
906 3593 1091 3648 sanctorum
1113 3585 1279 3649 ecclesiam
1302 3608 1424 3650 sacram

222 3685 400 3750 execrabile
423 3689 599 3771 pantheon,
622 3695 656 3751 et
677 3686 849 3751 delubrum
864 3687 1010 3770 lupanar,
1025 3695 1060 3750 et
1075 3687 1121 3752 sic
1136 3710 1234 3772 agnas
1255 3689 1372 3752 evertit
1390 3689 1424 3753 in

221 3787 326 3872 lupas.
369 3789 585 3854 'sumentibus
605 3789 703 3874 igitur
728 3789 901 3854 abbatissa
921 3789 1159 3874 multarumque
1182 3790 1338 3870 uteribus,
1356 3793 1425 3875 jam

219 3890 409 3974 relanguens
425 3901 458 3955 et
471 3891 578 3957 victus
593 3893 771 3978 voluptatis
787 3891 910 3957 evictor
930 3891 1048 3972 evolat,
1074 3902 1108 3957 et
1130 3893 1263 3957 domino
1279 3915 1338 3959 suo
1358 3895 1425 3960 vio·

251 4053 267 4084 ⁸
283 4051 336 4100 The
348 4053 458 4102 Norman
465 4055 558 4103 writer
570 4055 659 4104 almost
669 4055 803 4118 invariably
837 4069 903 4118 upon
915 4053 968 4102 him
979 4053 1028 4102 and
1044 4053 1083 4104 his
1094 4053 1180 4116 family
1191 4069 1218 4103 as
1229 4055 1271 4104 the
1282 4057 1388 4106 eoemies
1400 4057 1429 4106 of

217 4135 296 4198 spoke
312 4133 340 4181 ill
358 4134 388 4182 cf
405 4135 517 4192 cousin.
529 4136 633 4186 because
645 4137 702 4200 they
713 4137 804 4186 looked
837 4136 901 4186 their
913 4151 975 4186 racc.

263 4235 376 4280 csnn.
401 4237 475 4282 soc.
1190 4225 1249 4283 tn
