3608 4862
223 583 285 645 ⁰⁸1³·
298 581 340 644 a]
563 571 611 616 ns
628 570 739 616 suuis
757 569 982 616 ouarnurun.
1332 552 1391 612 141

192 759 338 816 conatus.
385 741 569 809 Horrebam
590 741 678 806 enim
697 741 784 827 quod
799 743 944 828 agebam,
966 744 1111 810 luctabar
1136 741 1282 808 evincere
1308 741 1396 825 quod

189 851 375 939 nequibam.
420 846 506 911 Cum
527 844 615 909 enim
637 843 677 908 ab
694 844 845 910 omnibus
861 845 946 910 curis
962 846 1029 910 sint
1044 846 1152 910 Musae
1168 846 1297 930 refugae,
1319 866 1397 909 nos-

191 967 275 1020 tram
292 973 390 1039 super
404 971 518 1015 omnes
533 947 772 1034 abjuraverunt,
798 949 872 1033 quia
897 970 1029 1034 prorsus
1055 948 1096 1013 ab
1122 950 1169 1014 eis
1194 970 1341 1015 aversam
1364 958 1399 1014 et

190 1062 287 1144 longe
306 1056 382 1143 plus
397 1053 467 1117 aliis
483 1051 661 1130 adversam,
685 1051 762 1135 quia
775 1052 903 1116 vexatio
919 1061 1046 1117 tantum
1070 1052 1187 1138 quietis
1211 1051 1398 1138 interpolari

189 1185 259 1228 non
273 1158 458 1247 patiebatur
471 1165 510 1221 ut
524 1156 566 1219 ad
582 1177 735 1220 somnum
751 1155 923 1236 sufficeret,
937 1156 1060 1221 nedum
1075 1157 1116 1220 ad
1132 1156 1287 1221 studium.
1333 1154 1399 1219 Co-

191 1265 309 1354 gebam
323 1285 377 1328 eas
393 1271 427 1326 et
441 1256 714 1344 indignabantur3
729 1269 952 1324 verumtamen
963 1259 1073 1324 audita
1084 1267 1188 1324 morte
1200 1258 1323 1323 domiui
1335 1257 1400 1323 mai

194 1366 345 1456 praedicti
359 1363 443 1449 regis
457 1372 536 1447 post
548 1361 717 1427 biennium
733 1363 940 1447 exequiarum
956 1362 1138 1428 exinanitus
1158 1363 1343 1449 lachrymis,
1358 1363 1399 1427 ad

194 1471 306 1559 puteal
327 1487 465 1552 exsurgo
489 1465 616 1529 lucrum
644 1464 870 1546 inestimabile,
886 1489 973 1531 nunc
995 1467 1101 1552 primo
1124 1467 1238 1532 videns
1267 1466 1354 1552 quod
1381 1489 1400 1530 a

195 1575 284 1641 curia
298 1572 380 1637 liber
394 1593 479 1648 sum,
494 1568 582 1632 unde
596 1567 757 1654 relegatus
774 1568 882 1653 quiete
905 1592 990 1634 nova
1013 1569 1157 1657 percipio
1173 1591 1269 1655 quam
1284 1569 1400 1634 misere

195 1678 313 1744 fuerim
349 1673 396 1738 ibi
425 1671 590 1757 religatus.
635 1670 755 1737 Quiete
782 1671 855 1737 dico
884 1683 971 1738 recte
1001 1674 1143 1758 quidem,
1174 1674 1201 1736 si
1231 1673 1322 1758 quies
1352 1681 1402 1737 est

198 1781 295 1847 certis
320 1776 448 1842 indiciis
475 1795 649 1860 agnoscere
664 1773 871 1840 tenebrarum
892 1775 1141 1856 absolutionem,
1151 1787 1185 1842 et
1194 1777 1403 1862 permittente

200 1883 357 1961 Domino,
372 1879 428 1966 qui
441 1880 527 1944 foras
548 1899 623 1942 eum
646 1879 688 1942 ad
710 1879 840 1943 vincula
854 1879 954 1960 misit,
968 1902 1103 1965 regnum
1125 1880 1228 1965 ipsius
1251 1879 1403 1946 omnibus

199 1985 358 2053 dominari
373 1983 440 2048 dati
458 2003 583 2061 sumus,
598 1981 645 2046 illi
668 1981 721 2046 cui
744 1983 844 2047 cessit
866 1983 1012 2063 facultas,
1027 1993 1061 2049 et
1086 2004 1160 2048 caro
1175 1982 1260 2047 beati
1277 1982 1355 2062 Job,
1370 1993 1404 2048 et

203 2099 296 2156 tanto
313 2087 481 2153 saeviorem
505 2107 581 2150 eum
607 2085 766 2151 sentimus
789 2096 822 2150 et
836 2109 898 2151 nos
918 2088 961 2151 ad
978 2087 1147 2152 victoriam
1164 2085 1404 2172 impromtiores

200 2201 323 2279 quanto
343 2211 456 2255 sumus
471 2211 490 2252 a
504 2187 662 2274 patientia
681 2189 884 2253 remotiores.
929 2189 1098 2254 Scrutatur
1113 2199 1148 2253 et
1161 2188 1279 2254 evertit
1292 2188 1405 2255 orbem

201 2297 354 2382 antiquus
376 2294 430 2358 ille
455 2292 591 2370 dierum,
607 2292 754 2357 omnium
781 2292 878 2358 corda
904 2293 1053 2379 possidet
1074 2301 1108 2358 et
1127 2290 1266 2357 obtentu
1292 2292 1406 2356 mundi

199 2400 354 2486 gloriatur
364 2423 374 2478 3
400 2395 627 2482 praevaricator
643 2416 777 2482 serpens
805 2396 900 2482 spiris
924 2395 1033 2461 omnia
1056 2395 1167 2481 cingit,
1183 2404 1239 2460 aut
1254 2396 1336 2459 nihil
1350 2407 1407 2463 aut

201 2502 367 2568 modicum
390 2498 641 2564 extrarelictum
653 2509 713 2564 est.
760 2499 895 2563 Dudum
907 2523 926 2563 a
940 2499 1048 2584 pravis
1061 2497 1265 2564 exactoribus
1285 2498 1408 2565 fiebant

203 2605 392 2690 iniquitates
408 2603 470 2668 sub
486 2603 623 2687 alicujus
639 2625 744 2667 causae
763 2612 935 2688 praetextu,
951 2603 1065 2668 saltem
1080 2611 1118 2666 ut
1132 2602 1238 2688 aliqua
1261 2603 1409 2668 similitu·

203 2709 280 2772 dine
291 2707 428 2792 justitiae
448 2705 597 2770 velamen
619 2704 755 2769 haberet
776 2706 930 2791 nequitia.
974 2707 1073 2770 Nunc
1097 2716 1205 2771 autern
1232 2714 1265 2771 et
1283 2707 1410 2792 justitia

205 2811 313 2898 periit,
333 2820 367 2874 et
388 2810 487 2876 facies
513 2810 584 2893 ejus
609 2831 676 2873 non
700 2807 890 2895 requiretur.
936 2809 1043 2874 Immo
1057 2833 1136 2896 pace
1160 2811 1265 2876 deleta
1278 2812 1411 2897 penitus

208 2921 339 2998 apertus
355 2910 454 2976 estin
468 2909 582 2996 rapina
597 2909 697 2988 furor,
712 2919 828 2975 ettam
843 2909 1006 2975 obstinate
1023 2912 1113 2976 frons
1129 2913 1236 2978 omnis
1256 2913 1411 2995 induruit,

203 3027 239 3082 et
257 3015 365 3100 pudor
378 3023 412 3078 et
433 3013 614 3078 reverentia
628 3013 710 3077 nihil
733 3013 809 3080 sint.
854 3013 930 3079 Jarn
949 3036 1046 3079 nemo
1061 3015 1159 3080 laesus
1182 3016 1335 3101 quaeritur
1354 3027 1411 3082 aut

208 3139 350 3205 quaerere
365 3125 475 3202 potest
490 3137 547 3180 cur
560 3116 635 3195 hoo,
649 3116 725 3200 quia
739 3117 822 3182 ratio
834 3140 996 3204 nusquam
1011 3130 1071 3198 est,
1083 3129 1117 3184 et
1131 3142 1228 3185 nemo
1237 3122 1413 3206 respondet

208 3221 250 3286 ad
264 3221 338 3284 hoc.
371 3219 418 3284 Et
432 3219 512 3283 mihi
531 3241 620 3284 nunc
633 3219 739 3304 primo
755 3219 881 3304 placere
896 3230 1006 3306 potest
1020 3221 1141 3304 puteal,
1156 3222 1230 3306 quia
1244 3243 1319 3286 cum
1334 3223 1412 3289 orbe

209 3333 343 3388 mutatae
368 3331 446 3387 sunt
469 3343 583 3403 musae,
602 3323 723 3408 etjam
746 3345 813 3386 non
837 3332 967 3409 oportet
988 3320 1029 3387 ab
1051 3323 1153 3388 antris
1179 3346 1289 3388 earum
1312 3325 1412 3411 loqui,

210 3450 270 3493 nec
285 3428 320 3492 in
335 3427 454 3512 regulis
469 3427 587 3491 artium
602 3427 727 3493 arctari.
765 3425 935 3494 Quidlibet
946 3435 984 3492 ut
997 3425 1078 3492 libet
1093 3427 1228 3512 agimm,
1240 3437 1273 3493 et
1287 3441 1415 3496 nonest

210 3531 377 3596 distinctio
388 3529 518 3595 virtutis
530 3529 652 3595 etvitii.
675 3529 799 3594 Redeat
810 3528 906 3608 Cato,
917 3539 1097 3594 revertatur
1106 3531 1226 3608 Numa,
1238 3529 1331 3594 Fabii
1341 3532 1415 3596 red-

214 3636 344 3715 dantur,
360 3642 393 3698 et
407 3642 600 3698 revocentur
615 3632 716 3714 Curii,
731 3633 812 3698 fiant
825 3633 959 3698 redivivi
976 3635 1130 3712 Rusores,
1145 3633 1180 3696 id
1201 3643 1313 3718 agetur
1327 3637 1415 3718 quod

212 3739 327 3824 agitur.
371 3738 459 3802 Nam
488 3736 545 3800 ubi
571 3737 653 3800 nihil
672 3722 895 3815 humanitatis,
917 3759 984 3801 non
1007 3745 1118 3800 utetur
1140 3736 1297 3820 sapientia
1321 3737 1416 3819 Cato,

215 3843 328 3907 Numa
349 3840 488 3925 justitia,
504 3839 624 3904 Fabius
647 3840 844 3921 innocentia,
859 3839 1012 3904 comitate
1028 3839 1158 3919 Curius,
1173 3839 1292 3925 pietate
1313 3840 1418 3922 Ruso,

214 3967 291 4009 cum
314 3943 396 4009 nihil
416 3964 529 4008 eorum
552 3943 639 4007 unde
659 3942 740 4007 boni
763 3941 905 4021 fuerunt,
925 3940 1078 4006 nimirum
1105 3941 1227 4027 stupidi
1250 3951 1335 4007 sunt
1383 3944 1418 4010 Si

216 4047 395 4125 Neronem,
421 4047 449 4110 si
471 4044 639 4123 Vitellum,
665 4045 692 4108 si
718 4043 900 4109 Catulinam
920 4044 1068 4123 suscites,
1099 4065 1133 4108 se
1160 4043 1360 4129 reperientur
1383 4047 1419 4111 in

218 4172 345 4216 amores
368 4149 536 4236 plurimos.
582 4147 617 4213 Si
637 4147 838 4212 Mamertum
861 4147 1044 4212 amantibus
1065 4148 1196 4228 excites,
1211 4147 1292 4212 nihil
1311 4149 1353 4214 ad
1370 4160 1420 4216 tot

221 4252 357 4317 Rufinus
377 4251 497 4316 facient
518 4249 657 4315 Helicon
677 4258 711 4314 et
734 4247 856 4315 Pierus.
903 4250 1053 4315 Dormiat
1075 4273 1150 4336 ergo
1175 4273 1249 4316 cum
1274 4250 1420 4315 Homero
