3610 4852
230 560 350 623 capu]
603 562 649 604 nn
673 563 783 608 uuors
808 565 1032 608 cunramuu.
1353 551 1412 609 163

212 727 318 807 ficata,
333 749 405 814 quoe
428 727 606 794 secundum
632 730 794 796 coelestem
817 740 874 796 aut
896 741 1054 797 terrenam
1070 731 1200 818 physim
1224 731 1265 796 ab
1291 739 1411 796 aterno

212 831 438 916 preordinata,
449 831 536 916 quod
552 841 639 896 certa
651 855 758 898 rerum
774 835 872 899 series
885 845 974 900 tenet
988 847 1021 900 et
1040 836 1128 920 quod
1143 845 1272 899 aeternae
1287 835 1412 918 glutino

212 931 347 996 rationis
362 933 503 998 cohaeret
516 932 735 1013 immobiliter,
751 957 821 1020 quae
845 937 1023 1001 secundum
1048 937 1165 1001 divinae
1189 935 1412 1021 dispositionis

213 1035 360 1098 ordinem
375 1035 510 1113 instant,
526 1045 559 1099 et
574 1058 645 1120 quae
657 1039 751 1121 juxta
766 1037 937 1102 creationis
952 1037 1171 1103 conditionem
1194 1050 1412 1122 perseverant,
1532 1041 1535 1046 '

214 1138 415 1223 aliquatenus
444 1137 609 1214 novimus,
650 1148 684 1202 et
712 1161 824 1204 eorum
860 1163 899 1205 ex
939 1141 1109 1226 praeteritis
1135 1151 1169 1206 et
1197 1141 1412 1226 praesentibus

214 1238 370 1304 habemus
393 1241 639 1326 praescientiam.
706 1243 772 1308 Sed
797 1265 869 1328 quoe
896 1244 987 1307 Deus
1017 1255 1160 1310 avertere
1185 1242 1331 1308 nocitura
1354 1265 1412 1328 per

214 1343 464 1409 misericordiam
479 1345 531 1410 vel
546 1346 716 1430 profutura
731 1367 787 1431 per
800 1347 880 1409 iram
895 1347 948 1431 pie
960 1347 1088 1431 justevc
1104 1347 1289 1425 decreverit,
1305 1347 1412 1410 occul·

213 1455 280 1510 tata
296 1457 374 1512 sunt
387 1448 457 1512 hsec
471 1471 490 1512 a
504 1448 578 1512 filiis
593 1451 729 1514 terrenis
750 1461 784 1513 et
806 1449 1000 1514 coelestibus.
1046 1451 1127 1514 Hac
1150 1459 1227 1514 sunt
1241 1471 1314 1534 quae
1330 1471 1411 1534 prae·

210 1551 359 1635 ju'dicant
384 1552 490 1628 astris,
519 1553 687 1616 elementis
717 1554 888 1638 imperant,
904 1564 937 1619 et
965 1555 1000 1618 in
1027 1553 1186 1618 thesauris
1217 1553 1410 1618 delitescunt

213 1653 384 1718 Altissimi.
429 1653 569 1739 Spiritus
582 1656 671 1719 solus
690 1657 824 1721 Domini
838 1657 1017 1741 previdere
1031 1658 1140 1742 potuit
1153 1657 1277 1722 luctum
1289 1666 1323 1721 et
1333 1678 1409 1741 gau-

214 1755 304 1819 dium
328 1777 368 1819 ex
391 1754 602 1820 dissimilibus
628 1756 744 1842 Helyoe
769 1758 930 1842 precibus,
956 1760 1177 1824 Ninivitarum
1203 1761 1353 1824 timorem
1377 1766 1410 1823 et

212 1857 412 1942 ereptionem
427 1879 468 1922 ex
483 1859 653 1943 prophetia
676 1860 776 1938 lonae,
798 1861 887 1925 rubri
913 1865 1010 1926 maris
1029 1862 1204 1928 divisiones
1228 1862 1408 1927 duodecim.

214 1959 303 2023 Hinc
318 1959 388 2038 tibi,
403 1959 566 2024 carissime
581 1960 638 2038 mi,
659 1960 770 2038 timeo,
791 1972 891 2041 nete,
907 1963 984 2026 dum
1008 1963 1278 2049 omnipotentiam
1294 1985 1410 2047 provo-

213 2083 277 2139 cas,
292 2060 481 2146 repentinus
496 2060 581 2125 ultor
605 2061 770 2145 anticipet,
796 2073 830 2126 et
855 2063 936 2126 mihi
961 2065 1048 2148 quod
1072 2065 1148 2128 inde
1174 2064 1410 2148 providentiam

211 2183 279 2228 non
295 2163 399 2227 habeo
414 2163 573 2227 redundet
588 2163 621 2227 in
641 2164 854 2248 opprobrium
869 2175 903 2230 et
917 2177 1084 2250 pactorum
1099 2167 1273 2229 infamiam.
1312 2165 1411 2251 Ergo,

210 2266 300 2351 quod
321 2267 426 2330 solum
449 2277 606 2352 superest,
630 2264 670 2330 ab
697 2268 901 2332 anathemate
925 2271 976 2332 fac
1001 2269 1188 2347 absolvaris,
1212 2279 1246 2333 et
1270 2269 1412 2353 quoties-

212 2391 340 2454 cunque
354 2370 547 2454 peccaveris,
562 2369 690 2435 veniam
705 2380 801 2455 pete3
825 2393 886 2435 uec
908 2371 1044 2448 diffidas,
1061 2372 1136 2456 quia
1150 2371 1239 2436 nulla
1254 2371 1410 2436 scelerum

211 2472 396 2536 immanitas
411 2492 562 2556 superare
578 2481 688 2556 potest
701 2472 753 2536 vel
768 2473 887 2557 aequari
903 2474 1129 2538 misericordia
1144 2474 1218 2553 Dei,
1233 2473 1411 2538 dummodo

212 2597 279 2639 non
301 2574 485 2660 desperes.''
531 2574 671 2638 Miratur
691 2575 798 2653 Eudo,
817 2585 851 2639 et
869 2575 923 2653 ait,
949 2575 1059 2640 “Jam
1082 2585 1116 2640 te
1139 2599 1205 2641 non
1229 2577 1410 2641 daemonem

212 2677 270 2741 sed
294 2676 444 2761 angelum
471 2675 606 2740 Domini
632 2676 716 2754 dico,
741 2699 807 2740 uon
842 2677 940 2740 modo
965 2677 1133 2742 dominum
1160 2700 1269 2742 meum
1293 2679 1351 2743 sed
1377 2690 1411 2744 et

211 2781 370 2866 patrem.''

267 2883 438 2947 Recedunt
469 2881 510 2946 ab
545 2881 703 2962 invicem3
736 2893 888 2968 properat
924 2884 1031 2963 Eudo,
1057 2885 1244 2970 pontificem
1270 2885 1353 2970 petit
1378 2896 1412 2949 et

211 2985 448 3050 absolutionem
479 2983 615 3062 obtinet,
645 2994 761 3068 pausat
789 2984 997 3069 aliquamdiu,
1031 3007 1091 3050 nec
1124 2985 1207 3050 bene
1242 2987 1411 3071 resipiscit.

212 3091 337 3154 Iterum
352 3086 476 3173 incipit,
491 3087 673 3170 iterumque
698 3087 815 3170 ligatur
838 3097 872 3152 et
895 3100 1036 3154 meretur
1058 3088 1183 3154 absolvi
1209 3090 1411 3156 multociens.

211 3191 359 3256 'l'andem
374 3189 432 3253 has
443 3189 614 3274 episcopus
630 3189 864 3254 ludificationes
880 3203 1033 3277 expertus
1048 3194 1169 3272 horret,
1181 3203 1215 3258 et
1230 3194 1336 3278 ipsum
1351 3195 1412 3259 hae

210 3295 366 3359 varietate
391 3293 581 3358 deteriorem
612 3292 691 3356 dicit
714 3315 811 3377 quam
835 3293 1054 3360 obstinatione
1079 3296 1234 3360 continua
1259 3307 1410 3379 certoque

211 3398 318 3461 furore
333 3396 441 3481 priori.
487 3395 615 3459 Clamat
628 3395 726 3480 igitur
750 3396 790 3459 ad
811 3397 990 3461 Dominum
1015 3420 1088 3462 cum
1114 3397 1265 3475 lacrimis,
1288 3398 1410 3461 exorci-

212 3509 322 3563 zatum
345 3496 445 3562 habet
470 3498 630 3583 populum
656 3507 694 3560 ut
720 3496 889 3561 maledicat
913 3499 942 3561 ei
968 3508 1064 3578 terra,
1081 3508 1237 3583 provocat
1261 3497 1408 3563 ultricem

210 3626 230 3666 a
253 3603 334 3666 coelo
357 3600 531 3665 dexteram.
577 3601 749 3665 Excitatus
772 3610 823 3663 est
845 3599 942 3683 igitur
972 3600 1013 3663 ad
1040 3611 1149 3664 tantos
1174 3601 1312 3684 ejulatus
1338 3610 1410 3665 tan·

210 3727 307 3790 quam
331 3704 494 3768 dormiens
525 3703 698 3781 Dominus,
728 3703 920 3786 hostemque
951 3724 1046 3766 suurn
1077 3701 1117 3766 ab
1148 3725 1231 3788 equo
1262 3715 1411 3768 currente

210 3808 330 3893 dejicit,
359 3806 533 3889 visitatque
571 3805 755 3889 superbiam
792 3805 862 3889 ejus
897 3805 1087 3869 infractione
1118 3806 1230 3870 cruris.
1275 3807 1322 3870 At
1355 3807 1410 3872 ille

211 3909 376 3995 signorum
405 3907 557 3970 Sathanae
581 3906 722 3990 primum
745 3904 938 3989 intelligens,
958 3905 998 3968 ab
1023 3905 1176 3991 episeopo
1202 3907 1256 3968 vix
1284 3908 1411 3992 optinet

210 4022 248 4076 ut
262 4009 422 4086 audiatur,
438 4006 554 4071 delicta
569 4007 699 4086 fatetur,
714 4006 807 4092 Olgre
823 4017 931 4071 tamen
947 4007 1049 4072 celato
1066 4009 1229 4086 dominio;
1251 4010 1308 4073 sed
1323 4010 1412 4076 ineo·

208 4114 351 4180 lumitati
363 4112 545 4189 restitutus,
557 4112 665 4174 omnia
676 4111 889 4195 despicientur
898 4123 931 4176 et
941 4111 1079 4196 superbe
1092 4123 1198 4197 negat,
1210 4124 1244 4177 et
1258 4115 1292 4179 in
1304 4116 1411 4200 ipsum
