3608 4862
266 534 397 601 capara]
624 535 671 581 na
697 535 807 581 auara
831 535 1056 584 ouaraarurr.
1396 529 1435 586 81

237 686 361 752 ricinos
376 695 410 752 et
424 700 567 752 remotos
581 687 717 768 nobiles,
733 699 766 754 et
780 689 989 755 multitudine
1004 698 1195 776 congregata
1216 691 1342 758 solenni
1365 715 1437 760 eam

236 790 298 855 ibi
308 790 513 856 matrimonio
519 790 641 875 junxit.
673 791 841 876 Regnabat
851 791 948 858 inilia
959 803 1151 879 tempestate
1160 793 1345 860 Willelmus
1355 797 1438 861 Bas-

235 894 359 972 tardus,
374 906 453 958 tuuc
467 915 573 958 novus
587 895 713 979 Angliae
722 915 789 974 rex,
801 895 856 980 qui
867 905 1055 980 portentum
1066 897 1129 960 hoc
1143 897 1288 976 audiens,
1300 898 1437 983 probare

234 997 370 1082 cupiens
385 1006 419 1062 et
433 996 513 1062 scire
528 996 635 1081 palam
649 1020 691 1060 an
705 1020 819 1063 verum
834 1007 931 1078 esset,
945 1009 1119 1084 utrumque
1133 1001 1261 1066 vocavit
1282 1010 1320 1064 ut
1338 1002 1436 1067 simul

235 1101 384 1166 venirent
398 1101 596 1179 Londonias,
607 1111 830 1187 veneruntque
841 1101 936 1167 multi
947 1125 1022 1167 cum
1034 1103 1079 1167 eis
1091 1113 1203 1184 testes,
1214 1113 1248 1170 et
1258 1106 1436 1170 multorum

235 1204 422 1269 testimonia
445 1205 500 1291 qui
518 1205 632 1270 adesse
651 1226 719 1269 non
741 1213 903 1291 poterant,
926 1214 961 1271 et
979 1205 1158 1270 maximum
1176 1218 1245 1272 erat
1268 1209 1434 1273 fatalitatis

234 1318 459 1392 argumentum
475 1308 578 1372 invisa
593 1309 682 1393 prius
698 1317 732 1374 et
750 1309 895 1373 inaudita
913 1308 1035 1396 species
1056 1308 1209 1391 mulieris,
1228 1321 1350 1376 etcum
1366 1323 1435 1377 stu-

233 1431 314 1495 pore
334 1411 480 1476 omnium
494 1411 621 1477 remissi
639 1421 717 1476 sunt
733 1411 775 1476 ad
789 1411 930 1498 propria.
975 1411 1122 1498 Contigit
1136 1416 1346 1498 postmodum
1361 1417 1433 1502 plu-

233 1513 326 1578 rimis
341 1514 495 1579 revolutis
511 1515 603 1579 annis
623 1516 711 1601 quod
727 1515 865 1581 Edricus
883 1525 1003 1582 venatu
1023 1537 1183 1595 reversus,
1202 1517 1286 1583 circa
1303 1519 1432 1584 tertiam

233 1617 340 1682 noctis
354 1617 467 1683 horam
483 1617 651 1702 quaesitam
667 1640 737 1682 eam
753 1640 820 1683 non
835 1619 1024 1696 invenisset,
1037 1620 1166 1685 vocavit
1180 1641 1251 1684 cam
1274 1630 1309 1686 et
1325 1623 1433 1688 vocari

228 1717 339 1802 jussit,
350 1719 503 1805 tardeque
514 1718 698 1784 venientem
707 1719 808 1784 iratus
819 1721 949 1786 intuens
959 1721 1015 1800 ait,
1030 1727 1053 1758 “
1064 1722 1253 1807 Nunquida
1268 1723 1432 1789 sororibus

228 1823 294 1888 tuis
304 1833 372 1886 tam
387 1823 443 1887 diu
458 1823 589 1888 detenta
600 1823 684 1888 es?''
700 1832 734 1888 et
748 1835 863 1888 coetera
873 1825 979 1910 jurgia
997 1825 1074 1891 fecit
1091 1826 1125 1890 in
1146 1849 1264 1908 aerem,
1283 1850 1358 1892 nam
1378 1828 1433 1891 illa

230 1925 396 1991 sororibus
411 1926 529 1990 auditis
553 1927 721 2012 disparuit.
766 1928 922 1993 Poenituit
938 1951 1014 2014 ergo
1028 1930 1182 2014 juvenem
1197 1951 1350 1994 excessus
1365 1941 1432 1995 tam

233 2029 375 2094 enormis
401 2036 435 2094 et
460 2029 619 2108 damnosi,
638 2031 809 2115 locumque
836 2033 920 2116 petit
948 2032 1035 2095 unde
1057 2041 1187 2118 raptum
1214 2033 1343 2111 lecerat,
1374 2035 1432 2099 sed

232 2132 419 2197 nulliacum
441 2130 583 2210 fletibus,
605 2133 702 2198 nullis
717 2131 901 2219 ejulatibus,
922 2154 1071 2199 revocare
1097 2135 1216 2219 potuit.
1263 2135 1433 2200 Clamabat

233 2256 293 2321 per
304 2235 388 2299 diem
401 2245 435 2299 et
449 2246 590 2314 noctem,
606 2236 661 2300 sed
677 2237 718 2300 ad
733 2235 951 2321 insipientiam
968 2235 1042 2314 sibi,
1057 2257 1132 2300 nam
1147 2236 1215 2300 vita
1230 2238 1301 2323 ejus
1315 2237 1362 2301 ibi
1376 2239 1433 2304 de·

231 2337 308 2402 lecit
318 2337 351 2402 in
364 2339 474 2403 dolore
485 2339 650 2404 continuo.
696 2339 840 2425 Reliquit
854 2348 962 2404 autem
977 2338 1139 2403 haeredem
1161 2338 1263 2404 filium
1286 2363 1381 2405 suum
1399 2351 1433 2406 et

229 2439 316 2504 illius
337 2461 397 2524 pro
418 2462 482 2526 qua
502 2440 650 2519 decessit,
671 2439 849 2519 Alnodum,
867 2441 973 2504 virum
991 2463 1116 2526 magnae
1137 2442 1317 2506 sanctitatis
1332 2454 1366 2508 et
1381 2467 1433 2509 sa-

231 2541 372 2628 pientire,
387 2543 532 2626 quicum
547 2551 634 2608 esset
648 2541 883 2627 aliquantulum
898 2552 1071 2627 provectus
1087 2543 1207 2608 decidit
1220 2545 1256 2609 in
1266 2545 1430 2630 paralisim

231 2657 265 2712 et
279 2656 451 2710 tremorem
467 2645 581 2730 capitis
596 2654 630 2709 et
643 2645 875 2724 membrorum,
891 2645 945 2730 qui
967 2667 1043 2710 cum
1061 2644 1212 2711 omnibus
1234 2647 1366 2714 medicis
1382 2649 1432 2715 in-

231 2750 380 2816 curabilia
395 2749 569 2828 videretur,
591 2771 610 2814 a
628 2748 706 2812 viris
725 2748 870 2813 discretis
888 2749 1013 2835 accepit
1034 2751 1185 2835 quatinus
1205 2751 1246 2815 ad
1265 2754 1430 2836 apostolos

232 2856 365 2920 Petrum
391 2863 424 2917 ct
450 2852 587 2916 Paulum
613 2853 905 2938 quomodocunque
931 2863 1043 2938 posset
1068 2875 1240 2939 properare
1271 2864 1430 2941 satageret

231 2957 401 3022 sanitatem
439 2977 499 3041 pro
537 2964 625 3020 certo
666 2964 868 3041 accepturus,
904 2956 961 3021 ubi
994 2978 1129 3043 corpora
1165 2979 1279 3022 eorum
1315 2960 1430 3024 Romae

230 3060 352 3126 scilicet
366 3060 492 3144 sepulta
507 3068 595 3123 sunt.
629 3059 757 3125 Quibus
777 3058 830 3125 ille
845 3060 1015 3145 respondit
1029 3083 1065 3124 se
1079 3084 1241 3147 nusquam
1257 3063 1378 3127 itumm
1393 3065 1429 3127 in

227 3164 378 3250 injuriam
394 3162 496 3226 sancti
511 3161 676 3248 Epelberti
691 3162 775 3247 regis
790 3172 823 3227 et
839 3164 998 3249 martyris,
1019 3164 1113 3248 cujus
1128 3165 1198 3250 ipse
1214 3167 1428 3251 parochianus

229 3277 308 3346 erat,
322 3275 495 3350 antequam
510 3265 573 3351 ipsi
582 3275 842 3350 praeoptaretur,
856 3277 890 3331 et
899 3289 934 3331 se
949 3267 1066 3332 deferri
1077 3268 1154 3332 fecit
1170 3268 1429 3350 Herefordiam,*

227 3369 285 3435 ubi
299 3378 395 3434 nocte
410 3368 513 3453 prima
528 3390 635 3431 coram
650 3368 742 3432 altari
763 3369 909 3454 proedicti
931 3369 1082 3455 martyris
1100 3371 1245 3456 pristinae
1263 3372 1358 3437 datus
1378 3383 1430 3437 est

229 3471 369 3550 sanitati,
385 3480 418 3534 et
433 3492 506 3533 cum
521 3471 695 3554 gratiarum
710 3471 837 3536 actione
852 3472 986 3536 donavit
1007 3473 1041 3535 in
1056 3483 1246 3558 perpetuam
1262 3474 1429 3538 eleemosi-

225 3597 302 3641 nam
315 3573 388 3637 Deo
397 3570 541 3636 etbeatoe
550 3573 665 3656 virgini
676 3582 710 3639 et
725 3583 837 3638 sancto
848 3575 915 3658 regi
927 3574 1103 3639 Edelberto
1115 3575 1312 3639 Ledibiriam
1325 3598 1429 3656 suam,

225 3699 300 3765 quaa
321 3674 355 3738 in
370 3673 464 3737 terris
479 3673 606 3739 Walliaa
621 3677 683 3740 sita
696 3688 758 3755 est,
774 3697 849 3741 cum
863 3675 1015 3740 omuibus
1035 3677 1238 3762 pertinentiis
1262 3679 1340 3756 suis,
1355 3701 1428 3763 quaa

226 3779 331 3848 adhuc
341 3776 471 3842 nuncio
482 3776 624 3842 dominio
631 3778 774 3865 episcopi
785 3778 1033 3844 Herefordensis
1043 3779 1287 3866 est‚diciturquc
1296 3781 1428 3866 triginta

258 3959 273 3988 ⁶
291 3957 328 4006 St.
351 3956 484 4007 Ethelbert
506 3971 554 4005 was
576 3955 663 4004 buried
682 3963 708 4006 at
728 3958 807 4008 Herc·
841 3963 911 4022 great
929 3958 1073 4007 reaeratioa
1091 3975 1181 4023 among
1192 3961 1236 4012 tlre
1251 3962 1332 4011 Sason
1343 3977 1425 4026 popu-

226 4037 292 4097 tort,
312 4038 362 4087 and
383 4038 427 4087 the
448 4038 574 4088 cathedral
597 4038 677 4087 raised
696 4053 754 4088 ovar
769 4039 808 4088 his
841 4039 920 4090 latiora
931 4040 960 4089 ol
968 4040 1109 4102 oarislsad,
1122 4043 1170 4091 aad
1183 4044 1308 4094 remaincd
1325 4059 1353 4095 so
1365 4045 1425 4110 long

225 4135 308 4184 grava.
353 4120 402 4169 liis
424 4120 507 4170 shrine
535 4135 585 4170 was
612 4136 644 4170 ao
674 4121 755 4183 object
783 4121 812 4170 ot
840 4121 1078 4173 aftertthorman
1091 4131 1217 4189 conquest.

271 4223 384 4268 OAMD.
402 4223 475 4269 800.
832 4223 860 4269 M
