3610 4852
381 537 443 610 170
792 547 981 594 cunarum
1004 546 1126 592 uaeas
1385 543 1507 609 [uisum.
1522 546 1571 598 IV.

380 720 563 786 famulatur.
609 717 719 782 Meter
732 717 800 782 filio
814 717 884 782 visa
903 715 1034 782 revelat.
1079 717 1167 800 Ergo
1183 712 1245 778 sibi
1260 714 1450 800 presbytero
1472 713 1585 792 ascito,

380 823 530 908 inopinas
554 829 724 905 occupant,
736 843 819 906 aqua
840 820 1012 884 benedicta
1026 827 1256 904 conspergunt,
1278 838 1350 901 quae
1373 815 1483 881 subito
1501 819 1585 882 saltu

382 936 504 992 tectum
513 933 662 1009 penetrat
670 932 704 987 et
714 923 839 987 ululatu
851 944 968 1006 magno
980 921 1036 985 diu
1045 921 1132 986 culta
1143 919 1330 1005 relinquunt
1337 920 1491 1004 hospitia.
1515 921 1585 985 Nec

384 1028 543 1093 miremini
559 1028 587 1092 si
601 1026 765 1091 Dominus
780 1025 927 1091 ascendit
942 1025 1160 1110 corporaliter,
1175 1045 1250 1087 cum
1264 1024 1328 1088 hoc
1347 1024 1499 1108 pessimis
1514 1045 1584 1106 per·

382 1130 508 1194 miserit
535 1129 702 1210 creaturis,
728 1150 808 1214 quas
835 1127 934 1192 etiam
955 1149 1089 1192 necesse
1104 1127 1148 1192 sit
1173 1126 1325 1192 deorsum
1348 1127 1466 1192 invitas
1492 1127 1584 1191 trahi.

383 1234 493 1319 Hujus
509 1233 614 1298 adhuc
629 1241 719 1297 extat
734 1232 836 1296 multa
850 1231 1031 1316 progenies.

679 1404 759 1470 Item
774 1406 811 1468 de
826 1404 941 1468 eisdem
955 1403 1217 1486 apparitionibus.
1261 1424 1294 1467 x.

426 1545 555 1609 Scimus
570 1544 658 1627 quod
672 1552 819 1627 tempore
835 1541 1003 1605 Willielmi
1019 1541 1198 1606 Bastardi*
1220 1540 1380 1626 praeclaroe
1391 1540 1441 1605 vir
1453 1541 1586 1623 indolis,

382 1649 475 1732 cujus
497 1646 662 1730 possessio
685 1645 748 1709 fuit
772 1643 944 1709 Ledebiria
965 1644 1115 1723 borealis,
1137 1646 1177 1709 de
1199 1654 1285 1709 coetu
1308 1654 1468 1709 nocturno
1483 1646 1587 1710 foemi-

381 1772 498 1814 narum
513 1748 736 1814 choreantium
752 1748 1004 1833 pulcherrimam
1018 1747 1136 1832 rapuit,
1160 1748 1200 1812 de
1222 1769 1286 1832 qua
1301 1749 1474 1812 contractis
1490 1770 1587 1833 sporr-

384 1852 506 1916 salibus
528 1851 632 1915 filium
650 1850 806 1936 suscepit,
822 1850 915 1934 cujus
931 1859 999 1914 tam
1014 1851 1126 1915 formae
1142 1873 1238 1936 quam
1253 1850 1374 1936 rapinae
1389 1851 1499 1916 audito
1515 1874 1587 1937 pro·

381 1956 469 2041 digio
484 1956 621 2020 miratur
634 1975 690 2018 rex
706 1964 740 2018 et
755 1975 825 2018 eam
840 1953 876 2016 in
893 1954 1030 2018 concilio
1048 1954 1304 2030 Lundoniensi†
1327 1954 1442 2019 deduci
1456 1956 1534 2021 fecit
1554 1955 1587 2018 in

383 2059 535 2138 medium,
555 2058 801 2142 confessumque
825 2057 962 2121 remisit.
1017 2057 1128 2142 Hujus
1143 2057 1230 2120 filius
1245 2057 1406 2137 Alnodus,
1420 2058 1471 2122 vir
1488 2057 1588 2122 chris·

381 2161 581 2226 tianissimus
608 2173 642 2226 et
664 2161 797 2225 tandem
819 2160 1054 2245 particulariter
1073 2160 1268 2245 paraliticus,
1283 2159 1378 2225 victis
1400 2161 1535 2225 medicis
1556 2169 1590 2224 et

380 2265 607 2350 impotentiam
623 2264 789 2350 professis,
805 2286 840 2328 se
852 2264 953 2348 jussit
969 2263 1196 2328 Herefordiam
1212 2263 1339 2342 deferri,
1353 2273 1387 2329 et
1401 2263 1435 2327 in
1455 2264 1591 2329 ecclesia

381 2367 468 2432 beati
483 2369 665 2433 AEdelberti
676 2367 759 2451 regis
769 2377 804 2431 et
814 2366 963 2451 martyris
980 2367 1051 2451 ejus
1067 2365 1186 2430 meruit
1202 2365 1326 2430 absolvi
1341 2365 1488 2445 meritis,
1504 2369 1590 2432 unde

381 2470 528 2555 pristinae
543 2469 690 2535 redditus
704 2467 920 2533 incolumitati
943 2491 1035 2532 suam
1050 2467 1096 2532 ibi
1119 2468 1317 2533 Ledibiriam
1338 2469 1411 2534 Deo
1427 2470 1589 2554 matrique

382 2573 519 2638 Domini
534 2582 568 2637 et
581 2572 649 2656 regi
664 2580 697 2635 et
712 2570 846 2655 martyri
869 2569 1047 2634 Adelberto
1063 2580 1223 2655 perpetuo
1239 2571 1330 2636 dedit
1345 2571 1591 2657 possidendam,

382 2698 480 2762 quam
496 2676 601 2739 adhuc
617 2673 764 2759 ejusdem
780 2671 844 2736 loci
859 2673 1007 2756 pontifex
1022 2682 1112 2736 tenet
1122 2675 1156 2737 in
1168 2695 1258 2758 pace,
1271 2684 1382 2738 sextus
1396 2679 1412 2754 Ι
1428 2674 1592 2738 utdicitur

383 2778 424 2842 ab
440 2799 480 2842 eo
495 2777 551 2861 qui
566 2798 637 2841 eam
653 2776 694 2839 de
709 2796 808 2838 manu
823 2774 945 2839 Alnodi
960 2775 1114 2860 suscepit,
1129 2775 1190 2839 viri
1205 2777 1300 2860 cujus
1318 2787 1420 2840 mater
1441 2779 1475 2840 in
1499 2798 1591 2842 auras

383 2880 527 2958 evanuit,
542 2879 715 2943 manifesta
730 2878 855 2942 visione
870 2879 1049 2943 multorum
1063 2878 1272 2964 indignanter
1281 2880 1517 2966 improperium
1531 2878 1590 2946 viri

385 2983 436 3046 sui
450 2983 568 3060 terens,
583 2981 672 3067 quod
687 3002 757 3044 eam
774 3002 793 3042 a
808 2981 944 3045 mortuis
959 2979 1130 3067 rapuisset.

649 3154 699 3216 De
704 3153 891 3235 fantastica
905 3153 1082 3233 deceptione
1099 3151 1258 3218 Gerberti.
1302 3154 1345 3217 xi.

431 3287 515 3356 Quis
545 3290 750 3355 tenuaticem
779 3291 896 3355 famosi
922 3289 1028 3354 nescit
1050 3291 1235 3357 illusionem
1259 3291 1464 3374 Gerberti?§
1511 3292 1591 3357 Ger-

418 3470 431 3499 ·
449 3469 510 3518 'l'lris
529 3473 598 3532 story
608 3468 652 3518 lass
670 3469 733 3518 been
752 3469 850 3532 already
860 3469 934 3532 giren
945 3469 971 3518 in
1004 3475 1030 3518 tc
1042 3484 1105 3518 were
1123 3469 1217 3518 Robert
1234 3469 1315 3518 Feliot
1325 3484 1354 3518 or
1366 3469 1474 3518 William
1486 3470 1526 3518 lris
1537 3485 1591 3519 suc·

296 3593 300 3602 ,
388 3549 496 3597 Distiuc.
510 3547 557 3604 11..
570 3563 592 3596 c.
608 3548 648 3604 13,
662 3563 730 3597 more
740 3553 766 3596 at
776 3549 871 3610 length.
1003 3565 1095 3599 cessor-
1130 3551 1161 3599 lrr
1179 3551 1392 3600 thetormercasa
1409 3552 1452 3600 the
1468 3551 1595 3615 bislropcl

417 3630 529 3688 †Tlrere
540 3645 602 3678 were
622 3635 671 3677 two
691 3629 796 3679 landon
816 3631 927 3680 ccuncils
944 3633 970 3679 in
1005 3631 1127 3680 Herelord
1138 3637 1165 3680 to
1176 3633 1256 3681 whom
1272 3631 1355 3681 Aluod
1371 3647 1432 3695 gere
1449 3633 1492 3681 the
1507 3649 1593 3682 mmor

386 3710 429 3760 the
445 3712 513 3774 reign
531 3713 559 3760 ot
576 3711 686 3760 William
708 3711 751 3760 the
773 3711 927 3776 Conquerar,
946 3714 971 3761 in
1004 3714 1033 3762 cf
1053 3713 1168 3776 [redbury
1184 3713 1267 3763 North
1278 3715 1358 3763 would
1379 3715 1411 3764 be
1431 3714 1545 3779 Gecffrey
1564 3715 1593 3764 de

388 3793 450 3844 107⁵
464 3791 510 3840 and
524 3791 595 3850 1078,
608 3791 652 3840 but
660 3793 708 3840 itis
719 3793 844 3842 uncertain
857 3793 971 3842 towhiclr
1005 3794 1133 3844 Clite-in
1156 3796 1199 3844 the
1221 3796 1295 3845 latter
1318 3795 1437 3856 Richard,
1462 3797 1517 3846 who
1539 3812 1591 3845 sue·

387 3873 475 3936 Mapes
487 3873 545 3921 here
556 3874 641 3922 refers.
1005 3877 1093 3925 caeded
1105 3877 1156 3925 him
1167 3879 1194 3925 in
1207 3880 1280 3936 1120,
1294 3879 1342 3927 aad
1363 3878 1419 3927 died
1436 3885 1462 3927 at
1479 3877 1593 3940 Ledbury

418 3956 433 4014 Σ
451 3954 524 4003 From
533 3954 576 4003 the
584 3955 678 4017 variety
687 3953 716 4002 cf
724 3954 793 4003 dates
801 3954 829 4003 of
837 3955 879 4003 the
887 3955 977 4017 per-tad
1010 3959 1037 4005 in
1049 3959 1127 4007 112⁷.
1162 3958 1260 4022 Pehaps
1272 3961 1293 4007 it
1303 3975 1352 4008 was
1364 3960 1407 4007 the
1418 3959 1501 4008 latter.

384 4035 417 4095 qs
422 4037 523 4098 arilina
541 4036 567 4082 in
584 4037 627 4084 the
647 4042 748 4098 present
759 4036 834 4093 work,
847 4037 867 4085 it
878 4038 899 4085 is
910 4037 974 4084 diffl·
1040 4039 1134 4096 §This
1157 4041 1179 4089 ia
1201 4056 1216 4089 a
1237 4057 1296 4104 very
1318 4040 1470 4088 remarkable
1496 4038 1592 4102 legend,

385 4117 435 4166 cult
447 4123 473 4167 to
484 4117 570 4166 decide
589 4116 611 4164 it
625 4116 668 4166 the
686 4115 776 4180 bialrop
792 4117 850 4168 here
867 4119 974 4168 referred
1007 4119 1111 4186 relating
1123 4128 1149 4172 to
1160 4137 1207 4172 oue
1218 4123 1248 4172 cf
1261 4123 1304 4172 the
1320 4129 1427 4186 greateat
1438 4137 1495 4172 men
1511 4123 1540 4172 ct
1552 4121 1592 4170 the
