3610 4852
407 529 469 589 204
834 545 1022 591 cunarum
1040 543 1161 589 naras
1435 545 1557 608 [cnunc.
1570 545 1603 594 v.

405 713 523 780 divinus
539 713 720 800 supposuit.
765 714 819 778 llli
834 723 943 780 autem
957 715 992 779 in
1008 713 1059 778 die
1075 714 1218 778 secundo
1241 713 1507 780 mercatoribus
1525 715 1607 778 Pan-

404 818 511 882 noniae
526 819 690 902 vagientes
712 818 836 883 inventi
853 831 941 897 sunt,
956 828 990 883 et
1017 817 1057 882 ab
1084 818 1314 904 Hungarorum
1338 839 1412 903 rege
1434 817 1606 902 redempti,

405 932 439 985 et
453 920 494 983 ad
506 921 702 985 avunculum
718 943 814 984 suum
831 921 946 984 ducem
962 919 1101 984 remissi.
1144 919 1192 982 At
1205 918 1240 982 in
1254 919 1315 983 hac
1330 919 1408 1004 quid
1423 919 1501 984 fecit
1516 919 1608 984 God-

404 1022 508 1088 winus
524 1026 741 1108 tempestate?
762 1024 865 1087 multa
880 1034 914 1087 et
924 1022 1029 1087 valida
1044 1042 1144 1085 manu
1154 1021 1295 1086 militum
1310 1022 1445 1087 collecta
1459 1022 1608 1086 Edmun·

405 1124 484 1188 dum
506 1125 659 1190 Edelredi
673 1126 776 1189 filium
792 1124 972 1203 advocavit,
987 1133 1021 1188 et
1035 1122 1221 1208 properanti
1237 1132 1350 1188 contra
1362 1109 1418 1188 eos
1434 1133 1608 1190 occurrunt

405 1226 538 1292 Cbnuto
568 1229 654 1312 apud
684 1229 848 1294 Durberst
876 1229 910 1291 in
939 1226 1023 1291 valle
1053 1225 1268 1291 Gloucestriae
1299 1247 1397 1312 super
1427 1225 1609 1292 Sabrinam.

404 1330 508 1393 Erant
521 1330 688 1396 hincinde
703 1331 853 1416 dispositi
863 1331 904 1394 ad
917 1329 1041 1394 bellum
1051 1328 1147 1393 cunei
1161 1337 1195 1393 et
1209 1328 1386 1413 phalanges
1394 1329 1607 1408 exercituum,

405 1433 508 1517 major
530 1432 654 1498 Chnuti
670 1435 726 1520 qui
740 1434 910 1499 dimidium
921 1433 1046 1517 Angliae
1063 1454 1137 1497 cum
1153 1431 1252 1495 Dacis
1267 1430 1456 1496 adduxerat.
1498 1433 1608 1496 lime-

404 1533 485 1599 bant
512 1545 621 1602 autem
652 1538 735 1602 Daci
767 1537 872 1602 bonos
902 1546 936 1602 et
964 1536 1064 1600 iratos
1094 1533 1304 1612 adversarios,
1334 1542 1368 1598 et
1397 1557 1527 1600 causam
1556 1534 1608 1598 in·

399 1637 522 1722 justam
549 1639 600 1704 cui
624 1641 692 1704 sola
713 1638 975 1725 patrocinabatur
997 1637 1152 1716 aviditas3
1180 1636 1348 1701 Chnutum
1378 1637 1419 1701 ad
1447 1638 1607 1702 rationem

403 1751 542 1824 ponunt,
564 1752 602 1805 ut
623 1764 690 1807 non
721 1742 822 1808 totius
856 1741 1015 1807 exercitus
1047 1740 1106 1806 sed
1128 1739 1225 1804 unius
1253 1740 1395 1803 hominis
1428 1751 1608 1806 attentetur

403 1841 522 1923 obitus,
562 1845 681 1930 fiatque
720 1865 780 1930 pro
820 1844 906 1909 bello
950 1844 1107 1923 duellum,
1146 1852 1181 1909 et
1217 1841 1321 1908 victor
1353 1842 1444 1928 pugil
1473 1842 1608 1907 domino

402 1966 461 2010 suo
487 1968 622 2032 regnum
646 1947 802 2026 obtineat,
832 1947 956 2013 caeteris
986 1946 1020 2011 in
1043 1967 1122 2032 pace
1137 1945 1291 2012 dimissis.
1334 1945 1460 2010 Placuit
1474 1945 1605 2032 utrique

400 2049 485 2132 parti
514 2073 631 2131 sermo,
655 2047 843 2137 bonumque
871 2052 979 2115 visum
1002 2060 1053 2115 est
1075 2049 1251 2113 Edmundo
1274 2049 1418 2134 seipsum
1440 2071 1607 2134 opponere

401 2151 554 2235 periculo,
584 2176 645 2219 nec
674 2175 733 2238 pro
771 2175 806 2219 se
837 2176 952 2239 passus
982 2152 1111 2217 admitti
1146 2151 1300 2236 pugilem.
1345 2151 1421 2218 Quo
1454 2150 1607 2215 Chnutus

400 2254 523 2333 audito,
553 2257 679 2322 censuit
710 2257 746 2320 in
786 2257 917 2342 propria
945 2255 1165 2320 dimicandum
1193 2276 1343 2339 persona,
1372 2255 1526 2338 quatinus
1557 2255 1607 2319 in-

400 2354 513 2419 formis
535 2356 620 2422 absit
641 2357 818 2442 imparitas,
837 2379 897 2443 par
922 2357 1009 2422 enim
1035 2357 1220 2441 congressio
1246 2377 1358 2441 regum
1373 2366 1407 2422 et
1421 2355 1506 2421 bene
1528 2379 1605 2422 cou-

401 2479 491 2523 sona.
536 2460 643 2525 Factis
668 2461 765 2544 igitur
776 2483 851 2525 cum
866 2459 975 2524 debita
996 2459 1190 2524 solennitate
1204 2480 1276 2545 quoe
1291 2459 1333 2523 ad
1347 2480 1415 2524 rem
1428 2460 1605 2545 pertinent,

401 2559 485 2624 datis
505 2561 656 2641 induciis,
670 2561 873 2641 custodibus,
896 2561 1027 2626 armatis
1046 2560 1184 2640 duabus,
1198 2558 1325 2646 cymbis
1346 2581 1364 2624 a
1386 2560 1513 2626 diverso
1539 2561 1605 2625 col-

400 2661 457 2725 lati
468 2663 667 2728 conveniunt
688 2663 725 2726 in
746 2663 853 2727 insula
874 2662 1030 2741 Sabrina,
1045 2661 1218 2747 proecipuis
1233 2669 1267 2724 et
1281 2661 1436 2745 preciosis
1452 2663 1552 2726 armis
1573 2672 1608 2727 et

401 2765 492 2849 cquis
515 2775 673 2851 quantum
694 2767 802 2831 honos
829 2776 862 2830 ct
885 2765 1045 2850 protectio
1056 2765 1174 2830 volunt
1197 2762 1371 2829 redimiti*
1415 2763 1559 2829 Jacturis
1573 2775 1609 2828 et

402 2867 605 2930 successibus
621 2889 734 2932 eorum
759 2876 837 2952 post
852 2887 1045 2951 congressus
1059 2865 1242 2950 ingressum
1267 2865 1433 2930 immorari
1447 2887 1515 2929 non
1530 2888 1607 2950 pos-

402 2990 527 3047 sumus,
548 2968 665 3053 quibus
681 2969 723 3032 ad
738 2971 800 3033 alia
814 2969 971 3032 transitus
994 2979 1054 3033 eat.
1102 2967 1188 3031 Cum
1211 2967 1381 3052 utriusque
1405 2968 1461 3032 diu
1476 2968 1607 3034 silentio

400 3070 501 3155 partis
518 3069 652 3134 diversae
678 3071 756 3134 satis
780 3079 814 3135 et
837 3071 981 3135 adversae
1004 3069 1235 3149 multitudinis,
1259 3092 1331 3155 quoe
1356 3070 1465 3135 tristes
1489 3071 1606 3136 alteru·

401 3183 488 3238 trum
509 3172 641 3236 timores
656 3183 690 3237 et
703 3173 794 3237 laetas
817 3171 983 3256 agitabant
1007 3193 1081 3256 spes
1104 3179 1139 3237 et
1163 3171 1324 3235 innocuus
1343 3171 1490 3236 inhiabat
1515 3195 1606 3238 exer-

400 3275 496 3355 citus,
510 3275 597 3340 unde
606 3286 715 3340 tamen
725 3285 759 3340 et
767 3275 975 3342 memorabile
987 3275 1136 3353 verbum,
1147 3273 1236 3359 quod
1245 3283 1283 3337 ut
1291 3274 1418 3359 pedites
1427 3275 1520 3360 equis
1529 3275 1607 3340 lacti

401 3388 479 3444 sunt
503 3377 683 3457 trucidatis,
710 3371 866 3442 Chnutus'
889 3399 1042 3463 procerus
1065 3384 1099 3440 et
1113 3375 1217 3459 major
1231 3386 1264 3439 et
1279 3375 1374 3454 altus,
1389 3376 1605 3444 Edmundum

399 3482 556 3568 grandem
582 3490 615 3546 et
640 3480 785 3565 planum,
807 3480 829 3544 i.
844 3502 873 3544 e.
903 3479 1108 3544 mediocriter
1129 3479 1295 3563 pinguem,
1317 3487 1386 3542 tam
1407 3478 1512 3564 probo
1535 3491 1604 3545 tam

399 3583 549 3670 improbo
572 3583 719 3668 fatigavit
744 3582 879 3662 assultu,
904 3581 992 3667 quod
1011 3582 1045 3644 in
1061 3582 1100 3645 ad
1115 3581 1321 3667 pausandum
1336 3602 1465 3647 recessu
1486 3605 1606 3668 magno

401 3696 512 3766 staret,
528 3686 724 3752 Edmundus
740 3683 884 3749 anhelitu
900 3682 1076 3768 crebroque
1099 3684 1236 3750 reductu
1251 3684 1384 3770 spiritus
1404 3694 1438 3749 et
1452 3684 1606 3751 audiente

400 3813 520 3856 corona
531 3790 623 3870 dixit,
638 3794 660 3827 “
669 3788 855 3867 Edmundc,
878 3787 989 3852 stricte
1004 3787 1102 3852 nimis
1117 3788 1282 3852 anhelas.”
1328 3788 1389 3854 Ille
1403 3787 1524 3854 rubore
1536 3791 1605 3854 sul-

431 4024 446 4053 ⁸
466 4023 588 4087 Compare
599 4024 649 4072 this
660 4029 765 4073 soccum
780 4023 808 4073 ol
822 4022 864 4071 the
881 4022 987 4085 meetiug
1018 4021 1090 4084 pren
1101 4021 1135 4086 by
1146 4020 1255 4080 (himer,
1265 4021 1315 4070 line
1326 4022 1400 4071 ⁴285.
1434 4022 1503 4072 Both
1513 4023 1610 4074 enters

400 4105 428 4154 ol
443 4105 510 4154 Cuut
527 4104 576 4153 aad
596 4105 710 4154 Edmuud
730 4105 840 4154 lrouside
856 4105 915 4154 with
932 4105 986 4154 that
1017 4103 1122 4168 perhaps
1132 4105 1193 4154 used
1209 4105 1251 4154 the
1262 4119 1329 4154 nme
1340 4104 1483 4154 truditioual
1493 4110 1572 4169 story.
