3608 4862
398 515 459 574 158
828 527 1017 574 susanam
1041 528 1162 572 ueras
1401 530 1518 593 [nieme
1533 531 1579 580 lu.

395 718 468 761 rum
501 695 668 776 omnium;
691 697 778 761 unde
794 696 879 761 sicut
892 706 929 762 tu
945 695 1047 761 solem
1063 719 1082 760 a
1097 695 1149 760 die
1164 695 1270 760 media
1285 695 1516 762 descensurum
1533 699 1594 764 scis

395 810 429 864 et
450 799 491 863 ad
515 799 649 864 occidua
670 810 856 884 vergentem
882 800 1061 885 cognoscis,
1078 799 1255 883 horamque
1271 797 1323 862 sui
1339 810 1433 864 notas
1449 823 1593 881 occasus,

396 902 441 965 sic
463 923 524 964 nos
539 900 648 965 fallere
663 923 729 966 non
745 910 854 985 potest
867 902 942 965 finis
957 921 1078 966 eversae
1100 900 1205 965 carnis
1221 899 1272 964 vel
1294 899 1336 963 ad
1361 903 1488 966 ruinam
1511 925 1593 988 prae·

393 1016 523 1091 paratae.
569 1006 689 1071 Sumus
704 1016 813 1071 autem
838 1027 879 1070 ex
905 1005 965 1070 hac
991 1004 1125 1070 scientia
1147 1013 1322 1089 nostraque
1344 1009 1593 1074 mansuetudine

392 1109 472 1174 boni
484 1109 610 1174 consilii
622 1109 802 1194 magnique,
812 1131 886 1174 cum
897 1109 1057 1193 permittit
1071 1107 1247 1185 Dominus,
1256 1107 1374 1172 auxilii.
1421 1109 1592 1176 Quidmo-

393 1213 472 1278 raris
488 1221 544 1276 aut
557 1211 712 1275 haesitas?
760 1211 809 1276 Ut
825 1212 908 1276 scias
924 1211 1011 1297 quod
1026 1232 1093 1274 non
1109 1209 1266 1276 scelerose
1277 1210 1330 1274 vei
1337 1211 1509 1276 crudeliter
1520 1235 1592 1297 aga·

393 1337 477 1396 mus,
492 1338 591 1380 unam
607 1315 681 1379 audi
707 1315 734 1379 si
758 1315 864 1399 placet
877 1313 1047 1392 ultionem,
1062 1335 1125 1399 qua
1139 1313 1238 1378 frater
1251 1334 1344 1378 meus
1360 1312 1542 1400 Morpheus
1557 1317 1591 1380 in

392 1419 589 1484 monachum
615 1417 857 1499 animadvertit,
879 1439 976 1503 quam
1002 1439 1063 1482 nos
1092 1415 1254 1482 crudelem
1278 1416 1427 1482 dicimus.
1484 1419 1591 1484 Pictor

390 1531 460 1587 erat
474 1521 663 1601 monachus,
684 1530 718 1585 et
733 1521 783 1586 sui
799 1521 931 1586 sacrista
950 1519 1147 1586 monasterii.
1193 1519 1356 1586 Quotiens
1380 1529 1489 1585 autem
1513 1543 1590 1586 con·

391 1625 537 1711 tingebat
565 1626 760 1690 monachum
801 1625 968 1691 nocturnis
1005 1623 1290 1709 imaginationibus
1327 1625 1435 1688 vexati
1471 1624 1588 1710 quibus

390 1751 530 1816 praeesse
553 1729 753 1814 Morpheum
768 1728 899 1808 sciebat,
913 1729 947 1792 in
962 1729 1070 1814 ipsum
1086 1728 1196 1793 omnia
1210 1727 1404 1813 congerebat
1418 1729 1588 1794 maledicta

390 1853 529 1916 cumque
549 1830 687 1896 dabatur
709 1831 935 1917 opportunitas
961 1841 995 1896 et
1015 1832 1273 1917 quandocunque
1286 1831 1474 1916 parietibus,
1490 1833 1584 1896 corti-

389 1934 452 2013 nis,
466 1934 627 2013 fenestris,
641 1933 752 1999 vitreis
767 1934 876 2019 ipsum
892 1933 1160 2018 defiguratissime
1183 1933 1347 2019 pingebat,
1363 1943 1397 1998 et
1419 1934 1585 1999 fidissime.

392 2037 499 2104 Quem
515 2056 574 2121 per
588 2036 737 2120 sompnia
756 2035 941 2120 frequenter
954 2036 1143 2100 hortabatur
1158 2046 1192 2100 et
1206 2035 1391 2101 exorabat*
1406 2037 1587 2122 Morpheus

389 2162 431 2206 ne
456 2161 628 2226 personam
653 2161 745 2203 suam
772 2139 1000 2204 devenustaret
1022 2139 1063 2203 ad
1089 2149 1217 2204 tantum
1240 2141 1353 2225 populi
1377 2140 1530 2221 derisum,
1552 2150 1585 2206 et

389 2245 521 2310 tandem
543 2266 618 2309 eum
641 2242 824 2306 ammonuit
846 2242 1002 2307 desistere
1032 2242 1093 2307 sub
1119 2243 1384 2308 interminatione
1408 2243 1583 2308 consimilis

382 2350 526 2433 jacturae.
573 2346 756 2411 Monachus
778 2355 887 2410 autem
911 2346 1014 2410 minas
1038 2355 1071 2410 et
1093 2367 1205 2431 preces
1220 2356 1254 2411 et
1268 2347 1394 2412 somnia
1414 2346 1583 2433 parvipen-

388 2451 480 2529 dens,
501 2471 567 2514 non
595 2449 730 2514 abstitit.
776 2449 957 2534 Morpheus
980 2450 1078 2534 igitur
1092 2450 1260 2514 nocturnis
1276 2449 1532 2535 apparitionibus
1547 2449 1583 2514 il-

386 2553 449 2617 iius
468 2553 594 2619 viciniae
604 2553 681 2618 viris
697 2552 829 2638 optimis
844 2553 1006 2638 persuasit
1020 2553 1114 2617 xenia
1129 2553 1290 2618 monacho
1305 2553 1445 2633 mittere,
1460 2556 1582 2634 vinum,

387 2678 487 2735 esca,
493 2666 672 2742 argentum,
684 2679 808 2737 aurum,
819 2657 969 2736 annulos,
977 2657 1128 2722 nebridas
1144 2680 1163 2721 a
1177 2657 1303 2721 sinibus
1314 2679 1453 2722 uxorum
1465 2668 1581 2743 raptas,

384 2759 509 2823 homini
525 2760 646 2824 scilicet
656 2760 690 2823 in
704 2760 756 2824 his
779 2781 850 2844 quae
872 2759 1037 2845 pertinent
1062 2761 1104 2824 ad
1129 2760 1264 2826 Domini
1287 2761 1479 2825 famulatum
1495 2761 1581 2824 iabo-

383 2861 468 2926 ranti
494 2865 612 2946 saepius
635 2873 792 2949 occupato
816 2884 858 2927 ne
884 2864 989 2949 possit
1012 2863 1134 2949 epulari
1157 2887 1231 2929 cum
1256 2865 1418 2945 iratribus,
1433 2875 1579 2930 omatum

385 2965 544 3042 altarium,
559 2965 709 3044 vestium,
723 2965 879 3030 librorum
894 2967 1091 3052 procuranti,
1107 2988 1235 3053 semper
1249 2978 1306 3031 aut
1315 2968 1420 3033 oranti
1428 2989 1489 3052 pro
1504 2968 1580 3031 fide·

385 3067 482 3145 libus,
498 3067 590 3152 quasi
604 3067 748 3132 dicerent
762 3091 803 3133 ne
828 3069 881 3132 vel
901 3069 936 3132 in
951 3069 1143 3134 victualibus
1159 3069 1287 3134 deficiat
1303 3070 1402 3135 homo
1417 3079 1519 3135 tantae
1533 3091 1579 3134 re-

385 3167 514 3252 ligionis
538 3169 591 3233 vel
616 3169 665 3233 vir
686 3179 850 3234 tantarum
882 3170 999 3234 artium
1025 3171 1057 3234 in
1082 3171 1294 3254 gerendarum
1317 3172 1450 3237 materia
1475 3193 1579 3237 rerum

385 3270 504 3336 sentiat
513 3270 669 3356 inopiam.
714 3271 941 3356 Impinguatus
956 3271 1053 3356 igitur
1067 3271 1101 3336 in
1115 3271 1206 3336 brevi
1222 3273 1411 3353 monachus,
1425 3273 1579 3338 incrassa-

384 3383 449 3452 tus,
465 3372 627 3452 dilatatus,
642 3372 863 3452 recalcitravit,
886 3382 920 3438 et
942 3373 1094 3458 ignorans
1117 3395 1181 3458 quo
1196 3374 1368 3439 duceretur
1382 3397 1401 3438 a
1416 3375 1548 3455 deliciis,
1562 3397 1580 3437 a

415 3542 431 3572 ⁸
448 3543 683 3607 Thisisapopulsr
695 3543 815 3592 medieni
826 3550 903 3607 story.
939 3543 965 3593 it
996 3544 1103 3593 abaliud
1119 3544 1153 3608 by
1174 3545 1296 3608 Southey,
1314 3545 1419 3594 eutitisd
1438 3545 1489 3594 ibe
1506 3547 1582 3595 Pisas

382 3628 460 3676 forms
478 3625 522 3674 the
541 3625 683 3687 subjectos
705 3641 720 3673 a
739 3625 835 3675 French
854 3627 966 3675 metrica]
997 3627 1111 3676 Paiuter.
1151 3627 1206 3676 'ibe
1233 3627 1330 3676 French
1352 3627 1464 3677 metrica]
1486 3629 1580 3677 version

383 3710 432 3757 tale
444 3707 575 3771 published
586 3709 612 3757 iu
623 3708 666 3757 the
683 3708 822 3757 Collection
833 3708 867 3772 by
878 3709 964 3766 Meon,
998 3723 1082 3770 agrees
1104 3713 1170 3757 most
1189 3709 1279 3772 closely
1297 3709 1357 3757 with
1375 3709 1418 3758 the
1439 3716 1509 3774 story
1525 3710 1580 3758 here

382 3789 465 3839 Nous.
482 3789 543 3838 Rec.
561 3790 588 3838 ii.
606 3805 632 3853 p.
644 3793 701 3838 411.
735 3789 857 3853 Compare
878 3791 967 3839 uisos
999 3789 1051 3837 told
1063 3790 1098 3860 bg
1107 3789 1213 3853 Mapes3
1230 3790 1279 3839 and
1290 3791 1351 3839 both
1363 3790 1433 3838 differ
1444 3791 1579 3853 altogether

382 3871 474 3920 fabiisu
493 3871 525 3932 by
538 3870 671 3928 liuteireuf,
684 3871 709 3918 in
728 3869 852 3919 JuhiuaI's
870 3871 965 3920 edition
997 3871 1024 3919 in
1046 3871 1088 3920 tire
1110 3872 1193 3935 requei
1215 3871 1279 3921 iram
1301 3873 1344 3922 the
1367 3887 1482 3922 common
1506 3871 1577 3921 Latin

382 3952 411 4002 oi
423 3953 463 4000 his
479 3951 569 4010 worirs,
586 3953 605 4001 i.
622 3953 680 4002 302.
713 3951 767 4000 The
784 3966 897 4001 common
915 3953 964 4002 La·
997 3959 1074 4016 story,
1092 3953 1171 4002 which
1190 3953 1285 4002 formed
1304 3954 1347 4004 the
1364 3953 1532 4018 grcuudrrorir
1554 3951 1581 4001 oi

381 4035 420 4082 tin
439 4033 536 4081 version
554 4033 576 4081 is
592 4033 665 4096 giren
685 4034 711 4082 iu
729 4048 771 4096 my
796 4033 920 4082 Seleetiou
938 4034 967 4083 oi
997 4035 1228 4100 Southey'sbriiad.

381 4114 456 4165 Latin
479 4115 582 4173 Stories,
594 4131 620 4179 p.
634 4117 675 4163 34.
709 4115 733 4162 it
744 4116 766 4163 is
777 4115 819 4165 the
831 4115 925 4178 subject
937 4116 966 4165 oi
