3610 4852
227 553 338 617 capa]
590 547 637 590 ns
662 546 773 594 noers
798 545 1022 592 cunraarmr.
1351 531 1413 588 215

211 722 300 786 duris
330 719 432 784 ocreis
459 727 493 782 et
518 716 701 800 perforatis,
730 716 845 780 rrltimo
876 716 990 780 similis
1016 713 1185 779 hominum
1212 735 1270 798 per
1296 713 1416 794 omnia,

211 826 342 910 regique
369 821 538 887 Ludovico
565 829 742 904 nostroque
768 819 869 884 videri
900 821 1034 903 cupiens
1060 817 1220 904 apparuit,
1244 817 1334 881 visus
1359 817 1416 881 sad

211 928 288 992 inde
314 928 393 991 dure
415 924 587 1008 fustigatus
610 933 648 986 ut
669 923 775 987 solent
789 945 947 1008 pauperes
962 922 1128 987 abscessit.
1174 921 1242 985 Soli
1256 921 1417 1005 colloque-

212 1030 331 1094 bantur
354 1029 388 1092 in
409 1024 527 1090 circulo
551 1045 653 1108 reges,
677 1033 710 1088 et
736 1024 776 1088 de
803 1047 974 1108 regnorum
1005 1046 1083 1109 pace
1114 1022 1320 1088 tractabatur.
1373 1022 1419 1084 At

214 1129 411 1207 Lodovicus,
434 1126 622 1212 apparentia
648 1125 825 1190 Galeranni
849 1136 969 1204 notata,
997 1125 1084 1209 quod
1106 1125 1182 1189 dolo
1205 1123 1293 1188 bono
1319 1123 1418 1188 fiebat

214 1239 284 1298 sine
300 1231 506 1298 simulatione
521 1229 590 1292 fieri
612 1227 748 1293 timebat
763 1250 802 1293 ex
825 1229 958 1293 veritate
982 1228 1194 1293 necessitatis.
1238 1226 1419 1291 Abhorruit

211 1337 310 1422 igitur
324 1357 421 1399 suurn
442 1353 614 1397 excessum
637 1331 671 1394 in
693 1340 832 1410 tantum,
859 1341 930 1394 uta
945 1352 1017 1416 rege
1034 1329 1122 1394 solus
1148 1329 1311 1394 recederet
1336 1329 1417 1414 Regi

213 1439 362 1526 polorum
379 1435 553 1511 adhaerere,
567 1431 796 1516 festinavitque
811 1433 892 1496 coelo
908 1433 1026 1517 placari
1047 1455 1126 1517 pace
1146 1442 1239 1497 terrea
1262 1433 1418 1516 neglecta.

214 1541 338 1604 Noster
360 1558 416 1601 rex
438 1535 598 1619 patienter
613 1532 815 1617 expectabat,
831 1534 936 1598 sciens
957 1534 1036 1620 quid
1057 1544 1225 1619 ageretur3
1249 1534 1295 1596 At
1309 1533 1418 1597 Lodo-

215 1641 305 1706 vicus
321 1641 361 1704 ad
378 1661 454 1703 suos
466 1637 600 1701 veniens
615 1637 744 1700 vocavit
759 1636 940 1700 Walterum
956 1638 990 1700 in
1005 1649 1141 1722 partem,
1157 1647 1191 1701 at
1206 1637 1268 1700 ait:
1292 1641 1313 1673 “
1325 1635 1418 1720 Elegi

215 1755 249 1810 te
273 1745 313 1808 dc
339 1741 474 1829 populo,
499 1739 743 1826 principemque
766 1740 933 1819 constitui,
955 1740 1147 1824 prudentem
1172 1750 1206 1803 et
1231 1738 1359 1803 fidelem
1384 1749 1419 1803 te

218 1867 350 1932 sperans
366 1842 513 1927 bajulum
528 1840 598 1904 fieri
614 1840 715 1904 totius
730 1841 820 1924 regni
829 1867 840 1920 3
863 1863 951 1906 meas
966 1841 1026 1905 tibi
1049 1863 1176 1927 semper
1190 1863 1283 1907 aures
1299 1840 1420 1927 aperui,

217 1951 351 2035 cupiens
374 1970 394 2012 a
420 1945 577 2031 sapientia
603 1954 659 2007 tua
695 1943 775 2007 mihi
805 1944 869 2008 mel
897 1945 1070 2009 instillares
1096 1947 1136 2009 ad
1168 1969 1279 2031 pacem
1308 1945 1421 2030 populi

218 2071 386 2134 meamque
402 2048 551 2110 salutem.
594 2044 646 2108 Tu
661 2066 737 2109 vero
749 2045 837 2109 virus
847 2046 1006 2122 infudisti,
1016 2047 1189 2111 consulens
1203 2058 1240 2110 ut
1255 2068 1420 2132 peccarem

217 2155 253 2218 in
279 2151 447 2217 dominum
474 2159 508 2212 et
533 2150 665 2212 fratrem
696 2169 806 2212 meum
832 2149 1087 2227 Gallerannum3
1122 2147 1329 2232 corrigendus
1353 2157 1422 2211 erat

217 2255 317 2322 verbo
333 2276 392 2340 pro
407 2251 518 2330 verbo,
532 2273 599 2316 non
615 2251 819 2336 fustigandus
841 2274 877 2316 ac
897 2251 1160 2337 proscribendus.
1207 2251 1300 2315 Heu!
1325 2273 1421 2335 quam

218 2356 503 2424 immisericordem
520 2375 572 2418 me
587 2354 740 2438 comperi,
755 2355 854 2418 modo
870 2377 944 2418 cum
960 2355 1101 2418 viderem
1118 2377 1204 2433 eum,
1217 2376 1312 2438 quam
1325 2353 1421 2418 mise-

219 2463 352 2528 rabilem
367 2481 442 2524 eum
458 2480 516 2542 per
530 2467 563 2522 te
578 2457 720 2521 fecerim.
766 2457 844 2521 lllac
860 2457 1014 2536 recessit3
1038 2479 1170 2542 sequere
1184 2458 1279 2520 velox
1295 2479 1367 2520 eum
1385 2465 1423 2518 ut

219 2565 382 2630 revoces.''
427 2561 550 2646 lngerit
565 2582 600 2624 se
612 2560 776 2624 Walterus
790 2560 825 2623 in
841 2559 968 2625 turbam
984 2559 1129 2637 timidus,
1144 2559 1278 2637 invenit,
1289 2558 1424 2636 reducit,

220 2679 254 2734 et
268 2667 362 2752 plene
378 2663 530 2741 restituit,
551 2671 585 2726 et
599 2683 640 2725 ne
656 2673 808 2746 queratur
821 2662 960 2746 amplius
981 2661 1092 2746 adjicit
1118 2660 1232 2725 ablatis
1258 2661 1422 2744 ampliora.

222 2771 371 2854 Cumque
390 2767 593 2831 Galerannus
609 2765 742 2829 referret
764 2765 805 2828 de
827 2766 923 2849 plena
938 2766 1143 2830 restitutione
1168 2764 1285 2850 gratias
1308 2763 1424 2826 devota

221 2875 319 2938 nimis
335 2883 368 2936 et
382 2870 497 2934 humili
512 2891 606 2954 prece
621 2891 688 2946 rex,
704 2891 761 2932 rex
775 2868 816 2932 ab
831 2870 904 2954 ipso
921 2868 982 2933 sibi
997 2869 1125 2932 veniam
1141 2867 1293 2932 obtinuit.

266 2976 413 3060 Contigit
441 2984 479 3037 ut
508 2995 583 3036 cum
609 2993 683 3057 rege
712 2994 837 3036 moram
874 2975 1012 3037 facerem
1041 2973 1239 3059 aliquamdiu
1271 2969 1424 3050 Parisius,

222 3099 414 3163 mecumque
438 3084 591 3140 tractaret
606 3075 645 3140 de
661 3097 772 3160 regum
793 3075 925 3156 divitiis,
940 3077 1026 3142 inter
1041 3099 1207 3142 sermones
1230 3075 1309 3140 alios
1333 3075 1425 3154 dixit,

223 3189 245 3223 ‘⁶
261 3183 347 3249 Quia
377 3181 461 3244 sicut
491 3179 626 3242 diversae
664 3189 741 3242 sunt
770 3200 883 3263 regum
914 3201 1005 3265 opes,
1034 3180 1080 3243 ita
1116 3179 1227 3244 multis
1265 3179 1425 3242 distinctas

224 3297 301 3350 sunt
318 3283 538 3350 varietatibus.
594 3281 633 3345 ln
658 3280 819 3366 lapidibus
846 3283 1008 3366 pretiosis,
1029 3283 1179 3347 leonibus
1205 3293 1238 3346 et
1262 3281 1370 3365 pardis
1393 3292 1427 3346 et

223 3387 416 3474 elephantis,
428 3385 548 3450 divitiae
563 3385 646 3469 regis
660 3385 837 3462 lndorum;
860 3385 894 3448 in
910 3407 988 3449 auro
1003 3386 1183 3468 pannisque
1199 3384 1308 3448 sericis
1323 3384 1426 3468 impe·

224 3503 312 3556 rator
327 3489 488 3554 Bizanciis
503 3497 537 3550 et
552 3508 609 3550 rex
624 3487 751 3551 Siculus
763 3487 942 3572 gloriantur
951 3513 961 3566 3
985 3488 1041 3551 sed
1057 3487 1206 3550 homines
1221 3508 1288 3550 non
1304 3486 1426 3550 habent

225 3595 280 3679 qui
304 3595 411 3659 sciunt
439 3589 527 3655 aliud
561 3610 657 3673 quam
680 3590 769 3674 loqui
776 3615 786 3670 ;
819 3589 917 3654 rebus
943 3591 1029 3655 enim
1058 3590 1181 3655 bellicis
1206 3589 1309 3674 inepti
1339 3599 1427 3654 sunt.

227 3697 408 3782 Imperator
424 3696 603 3771 Romanus,
627 3714 723 3777 quem
739 3693 851 3756 dieunt
869 3694 1136 3772 Alemannorum,
1160 3693 1307 3756 homines
1329 3690 1429 3756 habet

226 3800 323 3864 armis
339 3807 432 3883 aptos
449 3805 483 3860 et
497 3816 598 3879 equos
610 3793 753 3874 bellicos,
775 3816 842 3858 non
858 3817 982 3875 aurum,
1005 3819 1071 3860 non
1088 3796 1235 3876 sericum,
1251 3817 1317 3859 non
1333 3795 1427 3858 aliam

226 3901 437 3989 opulentiam.
484 3898 626 3963 Karolus
638 3897 725 3962 enim
739 3921 887 3982 magnus,
902 3922 977 3964 cum
993 3910 1110 3964 terram
1126 3900 1212 3964 illam
1228 3923 1247 3963 a
1262 3899 1428 3964 Saracenis

227 4004 452 4090 conquisisset,
468 4000 577 4065 omnia
588 4011 705 4085 praeter
719 4002 916 4066 munitiones
929 4014 962 4068 et
976 4003 1105 4068 castella
1120 4025 1179 4089 pro
1196 4003 1327 4067 Christo
1339 4003 1429 4067 dedit

227 4106 476 4191 archiepiscopis
499 4114 533 4168 et
554 4103 726 4189 episcopis,
749 4125 829 4188 quos
847 4126 906 4189 per
922 4105 1067 4169 civitates
1087 4127 1258 4170 conversas
1276 4105 1429 4170 instituit.
