<?xml version="1.0" encoding="UTF-8"?>
<!DOCTYPE html PUBLIC "-//W3C//DTD XHTML 1.0 Transitional//EN"
    "http://www.w3.org/TR/xhtml1/DTD/xhtml1-transitional.dtd">
<html xmlns="http://www.w3.org/1999/xhtml" xml:lang="en" lang="en">
 <head>
  <title>
</title>
<meta http-equiv="Content-Type" content="text/html;charset=utf-8" />
  <meta name='ocr-system' content='tesseract 3.04.00' />
  <meta name='ocr-capabilities' content='ocr_page ocr_carea ocr_par ocr_line ocrx_word'/>
</head>
<body>
  <div class='ocr_page' id='page_1' title='image "./gualterimapesde00mapgoog/gualterimapesde00mapgoog_0116.png"; bbox 0 0 3608 4862; ppageno 0'>
   <div class='ocr_carea' id='block_1_1' title="bbox 262 497 1442 570">
    <p class='ocr_par' dir='ltr' id='par_1_1' title="bbox 262 497 1442 570">
     <span class='ocr_line' id='line_1_1' title="bbox 262 497 1442 570; baseline -0.004 -15"><span class='ocrx_word' id='word_1_1' title='bbox 262 505 323 570; x_wconf 82' lang='lat' dir='ltr'><strong>cap.</strong></span> <span class='ocrx_word' id='word_1_2' title='bbox 335 504 398 566; x_wconf 64' lang='lat' dir='ltr'><strong>xlm]</strong></span> <span class='ocrx_word' id='word_1_3' title='bbox 625 503 673 549; x_wconf 73' lang='lat' dir='ltr'><strong>DE</strong></span> <span class='ocrx_word' id='word_1_4' title='bbox 697 503 807 550; x_wconf 73' lang='lat' dir='ltr'><strong>Nouis</strong></span> <span class='ocrx_word' id='word_1_5' title='bbox 831 503 1056 552; x_wconf 68' lang='lat' dir='ltr'><strong>GURIAMUM·</strong></span> <span class='ocrx_word' id='word_1_6' title='bbox 1400 497 1442 556; x_wconf 82' lang='grc'><strong>93</strong></span> 
     </span>
    </p>
   </div>
   <div class='ocr_carea' id='block_1_2' title="bbox 235 653 1537 4141">
    <p class='ocr_par' dir='ltr' id='par_1_2' title="bbox 235 653 1537 4141">
     <span class='ocr_line' id='line_1_2' title="bbox 246 653 1448 728; baseline 0.007 -8"><span class='ocrx_word' id='word_1_7' title='bbox 246 653 304 720; x_wconf 89' lang='lat' dir='ltr'><strong>sed</strong></span> <span class='ocrx_word' id='word_1_8' title='bbox 330 675 350 719; x_wconf 89' lang='lat' dir='ltr'><strong>a</strong></span> <span class='ocrx_word' id='word_1_9' title='bbox 374 675 494 720; x_wconf 88' lang='lat' dir='ltr'><strong>corona</strong></span> <span class='ocrx_word' id='word_1_10' title='bbox 518 653 666 720; x_wconf 87' lang='lat' dir='ltr'><strong>calvitiei.</strong></span> <span class='ocrx_word' id='word_1_11' title='bbox 713 656 812 722; x_wconf 88' lang='lat' dir='ltr'><strong>Porro</strong></span> <span class='ocrx_word' id='word_1_12' title='bbox 835 657 947 724; x_wconf 81' lang='lat' dir='ltr'><strong>multae</strong></span> <span class='ocrx_word' id='word_1_13' title='bbox 970 667 1048 723; x_wconf 89' lang='lat' dir='ltr'><strong>sunt</strong></span> <span class='ocrx_word' id='word_1_14' title='bbox 1067 656 1180 726; x_wconf 71' lang='lat' dir='ltr'><strong>vicina</strong></span> <span class='ocrx_word' id='word_1_15' title='bbox 1203 658 1310 726; x_wconf 84' lang='lat' dir='ltr'><strong>Sectis</strong></span> <span class='ocrx_word' id='word_1_16' title='bbox 1332 660 1448 728; x_wconf 81' lang='lat' dir='ltr'><strong>insulae</strong></span> 
     </span>
     <span class='ocr_line' id='line_1_3' title="bbox 246 755 1447 847; baseline 0.007 -25"><span class='ocrx_word' id='word_1_17' title='bbox 246 755 363 842; x_wconf 89' lang='lat' dir='ltr'><strong>quibus</strong></span> <span class='ocrx_word' id='word_1_18' title='bbox 379 756 514 843; x_wconf 84' lang='lat' dir='ltr'><strong>singulis</strong></span> <span class='ocrx_word' id='word_1_19' title='bbox 529 758 630 843; x_wconf 82' lang='lat' dir='ltr'><strong>saguli</strong></span> <span class='ocrx_word' id='word_1_20' title='bbox 644 768 800 844; x_wconf 83' lang='lat' dir='ltr'><strong>praesunt,</strong></span> <span class='ocrx_word' id='word_1_21' title='bbox 815 781 955 845; x_wconf 88' lang='lat' dir='ltr'><strong>quorum</strong></span> <span class='ocrx_word' id='word_1_22' title='bbox 969 784 1055 826; x_wconf 88' lang='lat' dir='ltr'><strong>unus</strong></span> <span class='ocrx_word' id='word_1_23' title='bbox 1071 762 1163 847; x_wconf 86' lang='lat' dir='ltr'><strong>cujus</strong></span> <span class='ocrx_word' id='word_1_24' title='bbox 1176 763 1304 828; x_wconf 89' lang='lat' dir='ltr'><strong>duobus</strong></span> <span class='ocrx_word' id='word_1_25' title='bbox 1320 773 1447 830; x_wconf 86' lang='lat' dir='ltr'><strong>tantum</strong></span> 
     </span>
     <span class='ocr_line' id='line_1_4' title="bbox 246 859 1449 946; baseline 0.005 -20"><span class='ocrx_word' id='word_1_26' title='bbox 246 859 530 926; x_wconf 87' lang='lat' dir='ltr'><strong>distabataScotia</strong></span> <span class='ocrx_word' id='word_1_27' title='bbox 539 859 1291 946; x_wconf 75' lang='lat' dir='ltr'><strong>milibusregio,virlaudabilisseeundumsuam</strong></span> <span class='ocrx_word' id='word_1_28' title='bbox 1301 866 1449 932; x_wconf 88' lang='lat' dir='ltr'><strong>militiam</strong></span> 
     </span>
     <span class='ocr_line' id='line_1_5' title="bbox 246 962 1447 1050; baseline 0.005 -22"><span class='ocrx_word' id='word_1_29' title='bbox 246 962 472 1048; x_wconf 80' lang='lat' dir='ltr'><strong>improbitatis,</strong></span> <span class='ocrx_word' id='word_1_30' title='bbox 488 963 635 1048; x_wconf 70' lang='lat' dir='ltr'><strong>praedicti</strong></span> <span class='ocrx_word' id='word_1_31' title='bbox 651 963 792 1029; x_wconf 83' lang='lat' dir='ltr'><strong>Gillonis</strong></span> <span class='ocrx_word' id='word_1_32' title='bbox 807 965 943 1030; x_wconf 87' lang='lat' dir='ltr'><strong>amicam</strong></span> <span class='ocrx_word' id='word_1_33' title='bbox 958 966 1066 1050; x_wconf 79' lang='lat' dir='ltr'><strong>rapuit</strong></span> <span class='ocrx_word' id='word_1_34' title='bbox 1079 967 1115 1032; x_wconf 91' lang='lat' dir='ltr'><strong>in</strong></span> <span class='ocrx_word' id='word_1_35' title='bbox 1130 968 1323 1033; x_wconf 88' lang='lat' dir='ltr'><strong>antelucano</strong></span> <span class='ocrx_word' id='word_1_36' title='bbox 1343 970 1447 1034; x_wconf 85' lang='lat' dir='ltr'><strong>domi-</strong></span> 
     </span>
     <span class='ocr_line' id='line_1_6' title="bbox 245 1066 1446 1154; baseline 0.004 -22"><span class='ocrx_word' id='word_1_37' title='bbox 245 1067 327 1132; x_wconf 73' lang='lat' dir='ltr'><strong>nice</strong></span> <span class='ocrx_word' id='word_1_38' title='bbox 342 1066 424 1147; x_wconf 82' lang='lat' dir='ltr'><strong>diei3</strong></span> <span class='ocrx_word' id='word_1_39' title='bbox 449 1066 536 1152; x_wconf 90' lang='lat' dir='ltr'><strong>quod</strong></span> <span class='ocrx_word' id='word_1_40' title='bbox 559 1067 631 1152; x_wconf 88' lang='lat' dir='ltr'><strong>ipse</strong></span> <span class='ocrx_word' id='word_1_41' title='bbox 652 1067 732 1131; x_wconf 89' lang='lat' dir='ltr'><strong>hora</strong></span> <span class='ocrx_word' id='word_1_42' title='bbox 754 1067 900 1152; x_wconf 88' lang='lat' dir='ltr'><strong>ejusdem</strong></span> <span class='ocrx_word' id='word_1_43' title='bbox 923 1068 987 1134; x_wconf 89' lang='lat' dir='ltr'><strong>diei</strong></span> <span class='ocrx_word' id='word_1_44' title='bbox 1009 1069 1114 1154; x_wconf 87' lang='lat' dir='ltr'><strong>prima</strong></span> <span class='ocrx_word' id='word_1_45' title='bbox 1127 1071 1311 1136; x_wconf 89' lang='lat' dir='ltr'><strong>rumoribus</strong></span> <span class='ocrx_word' id='word_1_46' title='bbox 1327 1072 1446 1138; x_wconf 87' lang='lat' dir='ltr'><strong>auditis</strong></span> 
     </span>
     <span class='ocr_line' id='line_1_7' title="bbox 245 1169 1448 1261; baseline 0.005 -26"><span class='ocrx_word' id='word_1_47' title='bbox 245 1179 312 1235; x_wconf 91' lang='lat' dir='ltr'><strong>tam</strong></span> <span class='ocrx_word' id='word_1_48' title='bbox 326 1169 428 1236; x_wconf 86' lang='lat' dir='ltr'><strong>farine</strong></span> <span class='ocrx_word' id='word_1_49' title='bbox 442 1169 528 1246; x_wconf 90' lang='lat' dir='ltr'><strong>tulit,</strong></span> <span class='ocrx_word' id='word_1_50' title='bbox 543 1179 582 1233; x_wconf 91' lang='lat' dir='ltr'><strong>ut</strong></span> <span class='ocrx_word' id='word_1_51' title='bbox 594 1169 786 1234; x_wconf 89' lang='lat' dir='ltr'><strong>inconsultis</strong></span> <span class='ocrx_word' id='word_1_52' title='bbox 809 1170 920 1236; x_wconf 87' lang='lat' dir='ltr'><strong>amieis</strong></span> <span class='ocrx_word' id='word_1_53' title='bbox 944 1192 1011 1235; x_wconf 93' lang='lat' dir='ltr'><strong>non</strong></span> <span class='ocrx_word' id='word_1_54' title='bbox 1033 1181 1202 1257; x_wconf 85' lang='lat' dir='ltr'><strong>expectata</strong></span> <span class='ocrx_word' id='word_1_55' title='bbox 1226 1175 1279 1239; x_wconf 87' lang='lat' dir='ltr'><strong>vel</strong></span> <span class='ocrx_word' id='word_1_56' title='bbox 1303 1175 1448 1261; x_wconf 85' lang='lat' dir='ltr'><strong>expetita</strong></span> 
     </span>
     <span class='ocr_line' id='line_1_8' title="bbox 244 1272 1446 1360; baseline 0.005 -22"><span class='ocrx_word' id='word_1_57' title='bbox 244 1295 337 1352; x_wconf 89' lang='lat' dir='ltr'><strong>nave,</strong></span> <span class='ocrx_word' id='word_1_58' title='bbox 352 1272 484 1338; x_wconf 90' lang='lat' dir='ltr'><strong>inermis</strong></span> <span class='ocrx_word' id='word_1_59' title='bbox 500 1280 636 1358; x_wconf 83' lang='lat' dir='ltr'><strong>excepto</strong></span> <span class='ocrx_word' id='word_1_60' title='bbox 650 1273 769 1358; x_wconf 87' lang='lat' dir='ltr'><strong>gladio,</strong></span> <span class='ocrx_word' id='word_1_61' title='bbox 789 1273 912 1339; x_wconf 76' lang='lat' dir='ltr'><strong>braccis</strong></span> <span class='ocrx_word' id='word_1_62' title='bbox 927 1273 962 1338; x_wconf 92' lang='lat' dir='ltr'><strong>in</strong></span> <span class='ocrx_word' id='word_1_63' title='bbox 985 1273 1062 1338; x_wconf 84' lang='lat' dir='ltr'><strong>sella</strong></span> <span class='ocrx_word' id='word_1_64' title='bbox 1083 1275 1181 1355; x_wconf 89' lang='lat' dir='ltr'><strong>fissis,</strong></span> <span class='ocrx_word' id='word_1_65' title='bbox 1197 1285 1313 1342; x_wconf 71' lang='lat' dir='ltr'><strong>caetera</strong></span> <span class='ocrx_word' id='word_1_66' title='bbox 1326 1280 1446 1360; x_wconf 91' lang='lat' dir='ltr'><strong>nudus,</strong></span> 
     </span>
     <span class='ocr_line' id='line_1_9' title="bbox 244 1375 1537 1465; baseline 0.005 -23"><span class='ocrx_word' id='word_1_67' title='bbox 244 1378 377 1443; x_wconf 80' lang='lat' dir='ltr'><strong>auderet</strong></span> <span class='ocrx_word' id='word_1_68' title='bbox 391 1386 530 1462; x_wconf 90' lang='lat' dir='ltr'><strong>pontum</strong></span> <span class='ocrx_word' id='word_1_69' title='bbox 544 1376 685 1460; x_wconf 79' lang='lat' dir='ltr'><strong>aggredi,</strong></span> <span class='ocrx_word' id='word_1_70' title='bbox 700 1375 807 1462; x_wconf 89' lang='lat' dir='ltr'><strong>seipso</strong></span> <span class='ocrx_word' id='word_1_71' title='bbox 822 1399 902 1442; x_wconf 89' lang='lat' dir='ltr'><strong>usus</strong></span> <span class='ocrx_word' id='word_1_72' title='bbox 924 1377 1026 1459; x_wconf 81' lang='lat' dir='ltr'><strong>olavo,</strong></span> <span class='ocrx_word' id='word_1_73' title='bbox 1051 1378 1182 1465; x_wconf 87' lang='lat' dir='ltr'><strong>remige,</strong></span> <span class='ocrx_word' id='word_1_74' title='bbox 1204 1390 1238 1445; x_wconf 89' lang='lat' dir='ltr'><strong>et</strong></span> <span class='ocrx_word' id='word_1_75' title='bbox 1252 1381 1336 1460; x_wconf 87' lang='lat' dir='ltr'><strong>velo,</strong></span> <span class='ocrx_word' id='word_1_76' title='bbox 1358 1381 1446 1448; x_wconf 90' lang='lat' dir='ltr'><strong>idem</strong></span> <span class='ocrx_word' id='word_1_77' title='bbox 1536 1375 1537 1378; x_wconf 26' lang='lat'>¹</span> 
     </span>
     <span class='ocr_line' id='line_1_10' title="bbox 244 1479 1447 1565; baseline 0.004 -20"><span class='ocrx_word' id='word_1_78' title='bbox 244 1482 336 1546; x_wconf 85' lang='lat' dir='ltr'><strong>navis</strong></span> <span class='ocrx_word' id='word_1_79' title='bbox 352 1491 385 1545; x_wconf 95' lang='lat' dir='ltr'><strong>et</strong></span> <span class='ocrx_word' id='word_1_80' title='bbox 398 1489 505 1545; x_wconf 83' lang='lat' dir='ltr'><strong>rector</strong></span> <span class='ocrx_word' id='word_1_81' title='bbox 519 1480 601 1565; x_wconf 88' lang='lat' dir='ltr'><strong>ejus,</strong></span> <span class='ocrx_word' id='word_1_82' title='bbox 616 1479 775 1544; x_wconf 85' lang='lat' dir='ltr'><strong>exercitus</strong></span> <span class='ocrx_word' id='word_1_83' title='bbox 790 1479 824 1543; x_wconf 92' lang='lat' dir='ltr'><strong>in</strong></span> <span class='ocrx_word' id='word_1_84' title='bbox 840 1481 969 1546; x_wconf 84' lang='lat' dir='ltr'><strong>hostem</strong></span> <span class='ocrx_word' id='word_1_85' title='bbox 983 1491 1017 1546; x_wconf 90' lang='lat' dir='ltr'><strong>et</strong></span> <span class='ocrx_word' id='word_1_86' title='bbox 1039 1483 1116 1561; x_wconf 82' lang='lat' dir='ltr'><strong>dux,</strong></span> <span class='ocrx_word' id='word_1_87' title='bbox 1136 1491 1259 1548; x_wconf 91' lang='lat' dir='ltr'><strong>etcum</strong></span> <span class='ocrx_word' id='word_1_88' title='bbox 1280 1483 1315 1548; x_wconf 93' lang='lat' dir='ltr'><strong>in</strong></span> <span class='ocrx_word' id='word_1_89' title='bbox 1338 1485 1447 1550; x_wconf 86' lang='lat' dir='ltr'><strong>omnia</strong></span> 
     </span>
     <span class='ocr_line' id='line_1_11' title="bbox 245 1583 1445 1670; baseline 0.002 -20"><span class='ocrx_word' id='word_1_90' title='bbox 245 1585 389 1650; x_wconf 89' lang='lat' dir='ltr'><strong>timenda</strong></span> <span class='ocrx_word' id='word_1_91' title='bbox 409 1604 554 1669; x_wconf 76' lang='lat' dir='ltr'><strong>praeceps</strong></span> <span class='ocrx_word' id='word_1_92' title='bbox 576 1583 678 1647; x_wconf 87' lang='lat' dir='ltr'><strong>irruat</strong></span> <span class='ocrx_word' id='word_1_93' title='bbox 700 1604 811 1648; x_wconf 90' lang='lat' dir='ltr'><strong>secure</strong></span> <span class='ocrx_word' id='word_1_94' title='bbox 826 1583 943 1648; x_wconf 81' lang='lat' dir='ltr'><strong>transit</strong></span> <span class='ocrx_word' id='word_1_95' title='bbox 959 1593 992 1649; x_wconf 90' lang='lat' dir='ltr'><strong>et</strong></span> <span class='ocrx_word' id='word_1_96' title='bbox 1008 1585 1159 1670; x_wconf 87' lang='lat' dir='ltr'><strong>applicat.</strong></span> <span class='ocrx_word' id='word_1_97' title='bbox 1205 1586 1296 1651; x_wconf 93' lang='lat' dir='ltr'><strong>Pone</strong></span> <span class='ocrx_word' id='word_1_98' title='bbox 1311 1587 1445 1652; x_wconf 90' lang='lat' dir='ltr'><strong>domum</strong></span> 
     </span>
     <span class='ocr_line' id='line_1_12' title="bbox 242 1685 1447 1774; baseline 0.003 -22"><span class='ocrx_word' id='word_1_99' title='bbox 242 1688 380 1774; x_wconf 88' lang='lat' dir='ltr'><strong>raptoris</strong></span> <span class='ocrx_word' id='word_1_100' title='bbox 403 1687 483 1766; x_wconf 73' lang='lat' dir='ltr'><strong>adit,</strong></span> <span class='ocrx_word' id='word_1_101' title='bbox 506 1685 651 1770; x_wconf 83' lang='lat' dir='ltr'><strong>clamque</strong></span> <span class='ocrx_word' id='word_1_102' title='bbox 674 1706 733 1769; x_wconf 90' lang='lat' dir='ltr'><strong>per</strong></span> <span class='ocrx_word' id='word_1_103' title='bbox 756 1687 901 1752; x_wconf 87' lang='lat' dir='ltr'><strong>foramen</strong></span> <span class='ocrx_word' id='word_1_104' title='bbox 924 1687 1089 1752; x_wconf 88' lang='lat' dir='ltr'><strong>modicum</strong></span> <span class='ocrx_word' id='word_1_105' title='bbox 1113 1687 1341 1772; x_wconf 86' lang='lat' dir='ltr'><strong>introspiciens</strong></span> <span class='ocrx_word' id='word_1_106' title='bbox 1360 1690 1447 1756; x_wconf 86' lang='lat' dir='ltr'><strong>inter</strong></span> 
     </span>
     <span class='ocr_line' id='line_1_13' title="bbox 242 1789 1445 1880; baseline 0.002 -22"><span class='ocrx_word' id='word_1_107' title='bbox 242 1801 404 1858; x_wconf 89' lang='lat' dir='ltr'><strong>trecentos</strong></span> <span class='ocrx_word' id='word_1_108' title='bbox 433 1800 492 1854; x_wconf 88' lang='lat' dir='ltr'><strong>aut</strong></span> <span class='ocrx_word' id='word_1_109' title='bbox 519 1789 629 1875; x_wconf 89' lang='lat' dir='ltr'><strong>plures</strong></span> <span class='ocrx_word' id='word_1_110' title='bbox 658 1790 810 1855; x_wconf 86' lang='lat' dir='ltr'><strong>convivas</strong></span> <span class='ocrx_word' id='word_1_111' title='bbox 841 1791 976 1856; x_wconf 85' lang='lat' dir='ltr'><strong>amicam</strong></span> <span class='ocrx_word' id='word_1_112' title='bbox 1007 1813 1100 1855; x_wconf 90' lang='lat' dir='ltr'><strong>suam</strong></span> <span class='ocrx_word' id='word_1_113' title='bbox 1129 1792 1331 1878; x_wconf 85' lang='lat' dir='ltr'><strong>amplexibus</strong></span> <span class='ocrx_word' id='word_1_114' title='bbox 1360 1795 1445 1880; x_wconf 88' lang='lat' dir='ltr'><strong>regis</strong></span> 
     </span>
     <span class='ocr_line' id='line_1_14' title="bbox 242 1893 1443 1982; baseline 0.002 -22"><span class='ocrx_word' id='word_1_115' title='bbox 242 1897 420 1961; x_wconf 77' lang='lat' dir='ltr'><strong>haerentem</strong></span> <span class='ocrx_word' id='word_1_116' title='bbox 433 1893 533 1958; x_wconf 86' lang='lat' dir='ltr'><strong>videt.</strong></span> <span class='ocrx_word' id='word_1_117' title='bbox 579 1893 688 1959; x_wconf 88' lang='lat' dir='ltr'><strong>Insilit</strong></span> <span class='ocrx_word' id='word_1_118' title='bbox 701 1894 799 1978; x_wconf 88' lang='lat' dir='ltr'><strong>igitur</strong></span> <span class='ocrx_word' id='word_1_119' title='bbox 813 1903 959 1958; x_wconf 86' lang='lat' dir='ltr'><strong>amenter</strong></span> <span class='ocrx_word' id='word_1_120' title='bbox 972 1893 1184 1978; x_wconf 85' lang='lat' dir='ltr'><strong>improvidus,</strong></span> <span class='ocrx_word' id='word_1_121' title='bbox 1194 1917 1323 1980; x_wconf 87' lang='lat' dir='ltr'><strong>unoque</strong></span> <span class='ocrx_word' id='word_1_122' title='bbox 1334 1918 1443 1982; x_wconf 89' lang='lat' dir='ltr'><strong>regem</strong></span> 
     </span>
     <span class='ocr_line' id='line_1_15' title="bbox 241 1997 1443 2082; baseline -0.002 -16"><span class='ocrx_word' id='word_1_123' title='bbox 241 2001 308 2066; x_wconf 91' lang='lat' dir='ltr'><strong>ictu</strong></span> <span class='ocrx_word' id='word_1_124' title='bbox 323 2007 529 2064; x_wconf 91' lang='lat' dir='ltr'><strong>consummat</strong></span> <span class='ocrx_word' id='word_1_125' title='bbox 543 2005 577 2061; x_wconf 94' lang='lat' dir='ltr'><strong>et</strong></span> <span class='ocrx_word' id='word_1_126' title='bbox 591 1997 691 2062; x_wconf 87' lang='lat' dir='ltr'><strong>exilit.</strong></span> <span class='ocrx_word' id='word_1_127' title='bbox 736 1997 892 2062; x_wconf 74' lang='lat' dir='ltr'><strong>Convivae</strong></span> <span class='ocrx_word' id='word_1_128' title='bbox 916 2006 1059 2082; x_wconf 88' lang='lat' dir='ltr'><strong>stupent,</strong></span> <span class='ocrx_word' id='word_1_129' title='bbox 1082 1997 1269 2082; x_wconf 80' lang='lat' dir='ltr'><strong>etquidem</strong></span> <span class='ocrx_word' id='word_1_130' title='bbox 1292 1999 1443 2064; x_wconf 89' lang='lat' dir='ltr'><strong>morienti</strong></span> 
     </span>
     <span class='ocr_line' id='line_1_16' title="bbox 241 2095 1442 2186; baseline -0.002 -19"><span class='ocrx_word' id='word_1_131' title='bbox 241 2103 400 2180; x_wconf 87' lang='lat' dir='ltr'><strong>dolentes,</strong></span> <span class='ocrx_word' id='word_1_132' title='bbox 412 2122 493 2186; x_wconf 92' lang='lat' dir='ltr'><strong>quos</strong></span> <span class='ocrx_word' id='word_1_133' title='bbox 505 2109 614 2163; x_wconf 90' lang='lat' dir='ltr'><strong>autem</strong></span> <span class='ocrx_word' id='word_1_134' title='bbox 628 2096 731 2182; x_wconf 88' lang='lat' dir='ltr'><strong>magis</strong></span> <span class='ocrx_word' id='word_1_135' title='bbox 742 2095 911 2180; x_wconf 90' lang='lat' dir='ltr'><strong>improbus</strong></span> <span class='ocrx_word' id='word_1_136' title='bbox 923 2095 1120 2160; x_wconf 87' lang='lat' dir='ltr'><strong>accendebat</strong></span> <span class='ocrx_word' id='word_1_137' title='bbox 1128 2095 1163 2158; x_wconf 93' lang='lat' dir='ltr'><strong>in</strong></span> <span class='ocrx_word' id='word_1_138' title='bbox 1173 2097 1372 2163; x_wconf 85' lang='lat' dir='ltr'><strong>iracundiam</strong></span> <span class='ocrx_word' id='word_1_139' title='bbox 1383 2102 1442 2164; x_wconf 93' lang='lat' dir='ltr'><strong>do-</strong></span> 
     </span>
     <span class='ocr_line' id='line_1_17' title="bbox 240 2197 1441 2290; baseline -0.002 -20"><span class='ocrx_word' id='word_1_140' title='bbox 240 2207 292 2271; x_wconf 92' lang='lat' dir='ltr'><strong>lor</strong></span> <span class='ocrx_word' id='word_1_141' title='bbox 300 2205 396 2269; x_wconf 87' lang='lat' dir='ltr'><strong>armis</strong></span> <span class='ocrx_word' id='word_1_142' title='bbox 407 2203 559 2290; x_wconf 87' lang='lat' dir='ltr'><strong>prosequi</strong></span> <span class='ocrx_word' id='word_1_143' title='bbox 570 2200 745 2286; x_wconf 87' lang='lat' dir='ltr'><strong>elegerunt.</strong></span> <span class='ocrx_word' id='word_1_144' title='bbox 790 2199 851 2264; x_wconf 90' lang='lat' dir='ltr'><strong>Ille</strong></span> <span class='ocrx_word' id='word_1_145' title='bbox 865 2221 923 2285; x_wconf 92' lang='lat' dir='ltr'><strong>per</strong></span> <span class='ocrx_word' id='word_1_146' title='bbox 937 2199 1081 2262; x_wconf 88' lang='lat' dir='ltr'><strong>medium</strong></span> <span class='ocrx_word' id='word_1_147' title='bbox 1096 2197 1235 2284; x_wconf 82' lang='lat' dir='ltr'><strong>aequoris</strong></span> <span class='ocrx_word' id='word_1_148' title='bbox 1249 2201 1391 2284; x_wconf 88' lang='lat' dir='ltr'><strong>gladium</strong></span> <span class='ocrx_word' id='word_1_149' title='bbox 1406 2203 1441 2267; x_wconf 92' lang='lat' dir='ltr'><strong>iu</strong></span> 
     </span>
     <span class='ocr_line' id='line_1_18' title="bbox 240 2299 1441 2388; baseline -0.001 -16"><span class='ocrx_word' id='word_1_150' title='bbox 240 2329 340 2373; x_wconf 91' lang='lat' dir='ltr'><strong>manu</strong></span> <span class='ocrx_word' id='word_1_151' title='bbox 361 2315 528 2372; x_wconf 88' lang='lat' dir='ltr'><strong>cruentum</strong></span> <span class='ocrx_word' id='word_1_152' title='bbox 559 2315 674 2369; x_wconf 88' lang='lat' dir='ltr'><strong>tenens</strong></span> <span class='ocrx_word' id='word_1_153' title='bbox 700 2312 814 2367; x_wconf 88' lang='lat' dir='ltr'><strong>natatu</strong></span> <span class='ocrx_word' id='word_1_154' title='bbox 841 2301 938 2365; x_wconf 88' lang='lat' dir='ltr'><strong>saluti</strong></span> <span class='ocrx_word' id='word_1_155' title='bbox 960 2300 1111 2380; x_wconf 88' lang='lat' dir='ltr'><strong>consulit,</strong></span> <span class='ocrx_word' id='word_1_156' title='bbox 1137 2299 1239 2366; x_wconf 91' lang='lat' dir='ltr'><strong>instar</strong></span> <span class='ocrx_word' id='word_1_157' title='bbox 1259 2304 1328 2388; x_wconf 90' lang='lat' dir='ltr'><strong>apri</strong></span> <span class='ocrx_word' id='word_1_158' title='bbox 1343 2327 1441 2388; x_wconf 92' lang='lat' dir='ltr'><strong>quem</strong></span> 
     </span>
     <span class='ocr_line' id='line_1_19' title="bbox 240 2403 1441 2492; baseline -0.001 -17"><span class='ocrx_word' id='word_1_159' title='bbox 240 2433 336 2490; x_wconf 77' lang='lat' dir='ltr'><strong>canes</strong></span> <span class='ocrx_word' id='word_1_160' title='bbox 346 2409 508 2474; x_wconf 75' lang='lat' dir='ltr'><strong>oblahant</strong></span> <span class='ocrx_word' id='word_1_161' title='bbox 518 2407 656 2486; x_wconf 91' lang='lat' dir='ltr'><strong>eminus,</strong></span> <span class='ocrx_word' id='word_1_162' title='bbox 672 2427 753 2492; x_wconf 93' lang='lat' dir='ltr'><strong>quos</strong></span> <span class='ocrx_word' id='word_1_163' title='bbox 765 2427 785 2468; x_wconf 90' lang='lat' dir='ltr'><strong>a</strong></span> <span class='ocrx_word' id='word_1_164' title='bbox 794 2425 970 2488; x_wconf 89' lang='lat' dir='ltr'><strong>congressu</strong></span> <span class='ocrx_word' id='word_1_165' title='bbox 980 2403 1151 2468; x_wconf 86' lang='lat' dir='ltr'><strong>vulnerum</strong></span> <span class='ocrx_word' id='word_1_166' title='bbox 1163 2413 1250 2469; x_wconf 91' lang='lat' dir='ltr'><strong>arcet</strong></span> <span class='ocrx_word' id='word_1_167' title='bbox 1260 2405 1368 2485; x_wconf 90' lang='lat' dir='ltr'><strong>timor,</strong></span> <span class='ocrx_word' id='word_1_168' title='bbox 1379 2418 1441 2474; x_wconf 86' lang='lat' dir='ltr'><strong>ets</strong></span> 
     </span>
     <span class='ocr_line' id='line_1_20' title="bbox 241 2505 1441 2601; baseline -0.003 -21"><span class='ocrx_word' id='word_1_169' title='bbox 241 2511 509 2601; x_wconf 78' lang='lat' dir='ltr'><strong>coeptudesistere</strong></span> <span class='ocrx_word' id='word_1_170' title='bbox 517 2532 631 2575; x_wconf 89' lang='lat' dir='ltr'><strong>rancor</strong></span> <span class='ocrx_word' id='word_1_171' title='bbox 640 2508 740 2573; x_wconf 87' lang='lat' dir='ltr'><strong>animi</strong></span> <span class='ocrx_word' id='word_1_172' title='bbox 748 2506 990 2592; x_wconf 89' lang='lat' dir='ltr'><strong>nonpermittit.</strong></span> <span class='ocrx_word' id='word_1_173' title='bbox 1001 2505 1258 2572; x_wconf 87' lang='lat' dir='ltr'><strong>Duobustamen</strong></span> <span class='ocrx_word' id='word_1_174' title='bbox 1268 2507 1302 2572; x_wconf 91' lang='lat' dir='ltr'><strong>in</strong></span> <span class='ocrx_word' id='word_1_175' title='bbox 1312 2531 1441 2594; x_wconf 76' lang='lat' dir='ltr'><strong>aequore</strong></span> 
     </span>
     <span class='ocr_line' id='line_1_21' title="bbox 240 2609 1441 2691; baseline -0.005 -7"><span class='ocrx_word' id='word_1_176' title='bbox 240 2615 398 2684; x_wconf 79' lang='lat' dir='ltr'><strong>confossis</strong></span> <span class='ocrx_word' id='word_1_177' title='bbox 413 2615 503 2680; x_wconf 93' lang='lat' dir='ltr'><strong>domi</strong></span> <span class='ocrx_word' id='word_1_178' title='bbox 516 2624 608 2679; x_wconf 90' lang='lat' dir='ltr'><strong>tutus</strong></span> <span class='ocrx_word' id='word_1_179' title='bbox 623 2613 752 2691; x_wconf 89' lang='lat' dir='ltr'><strong>residet,</strong></span> <span class='ocrx_word' id='word_1_180' title='bbox 767 2609 988 2676; x_wconf 84' lang='lat' dir='ltr'><strong>audacissimae</strong></span> <span class='ocrx_word' id='word_1_181' title='bbox 1004 2609 1158 2674; x_wconf 89' lang='lat' dir='ltr'><strong>novitatis</strong></span> <span class='ocrx_word' id='word_1_182' title='bbox 1173 2621 1207 2676; x_wconf 87' lang='lat' dir='ltr'><strong>et</strong></span> <span class='ocrx_word' id='word_1_183' title='bbox 1225 2611 1441 2678; x_wconf 67' lang='lat' dir='ltr'><strong>acerbissima</strong></span> 
     </span>
     <span class='ocr_line' id='line_1_22' title="bbox 239 2712 1440 2800; baseline -0.004 -13"><span class='ocrx_word' id='word_1_184' title='bbox 239 2731 351 2787; x_wconf 90' lang='lat' dir='ltr'><strong>auctor</strong></span> <span class='ocrx_word' id='word_1_185' title='bbox 365 2719 508 2784; x_wconf 90' lang='lat' dir='ltr'><strong>ultionis.</strong></span> <span class='ocrx_word' id='word_1_186' title='bbox 555 2718 647 2783; x_wconf 90' lang='lat' dir='ltr'><strong>Idem</strong></span> <span class='ocrx_word' id='word_1_187' title='bbox 660 2715 793 2781; x_wconf 91' lang='lat' dir='ltr'><strong>domino</strong></span> <span class='ocrx_word' id='word_1_188' title='bbox 805 2736 865 2780; x_wconf 88' lang='lat' dir='ltr'><strong>suo</strong></span> <span class='ocrx_word' id='word_1_189' title='bbox 876 2713 944 2798; x_wconf 90' lang='lat' dir='ltr'><strong>regi</strong></span> <span class='ocrx_word' id='word_1_190' title='bbox 956 2712 1085 2793; x_wconf 82' lang='lat' dir='ltr'><strong>Sootiae,</strong></span> <span class='ocrx_word' id='word_1_191' title='bbox 1097 2735 1171 2779; x_wconf 90' lang='lat' dir='ltr'><strong>cum</strong></span> <span class='ocrx_word' id='word_1_192' title='bbox 1182 2735 1242 2800; x_wconf 91' lang='lat' dir='ltr'><strong>pro</strong></span> <span class='ocrx_word' id='word_1_193' title='bbox 1252 2714 1440 2782; x_wconf 89' lang='lat' dir='ltr'><strong>infirmitate</strong></span> 
     </span>
     <span class='ocr_line' id='line_1_23' title="bbox 238 2817 1439 2908; baseline -0.002 -20"><span class='ocrx_word' id='word_1_194' title='bbox 238 2845 306 2890; x_wconf 90' lang='lat' dir='ltr'><strong>non</strong></span> <span class='ocrx_word' id='word_1_195' title='bbox 321 2831 432 2908; x_wconf 87' lang='lat' dir='ltr'><strong>posset</strong></span> <span class='ocrx_word' id='word_1_196' title='bbox 446 2820 596 2885; x_wconf 90' lang='lat' dir='ltr'><strong>hostibus</strong></span> <span class='ocrx_word' id='word_1_197' title='bbox 611 2818 741 2884; x_wconf 81' lang='lat' dir='ltr'><strong>obviam</strong></span> <span class='ocrx_word' id='word_1_198' title='bbox 754 2818 801 2884; x_wconf 92' lang='lat' dir='ltr'><strong>ire</strong></span> <span class='ocrx_word' id='word_1_199' title='bbox 813 2826 894 2897; x_wconf 89' lang='lat' dir='ltr'><strong>tute,</strong></span> <span class='ocrx_word' id='word_1_200' title='bbox 906 2817 1087 2902; x_wconf 85' lang='lat' dir='ltr'><strong>respondit,</strong></span> <span class='ocrx_word' id='word_1_201' title='bbox 1101 2822 1123 2856; x_wconf 87' lang='lat'>“</span> <span class='ocrx_word' id='word_1_202' title='bbox 1131 2817 1286 2898; x_wconf 90' lang='lat' dir='ltr'><strong>Domine,</strong></span> <span class='ocrx_word' id='word_1_203' title='bbox 1297 2819 1369 2884; x_wconf 89' lang='lat' dir='ltr'><strong>loco</strong></span> <span class='ocrx_word' id='word_1_204' title='bbox 1379 2828 1439 2886; x_wconf 90' lang='lat' dir='ltr'><strong>tuo</strong></span> 
     </span>
     <span class='ocr_line' id='line_1_24' title="bbox 239 2921 1439 3009; baseline 0 -19"><span class='ocrx_word' id='word_1_205' title='bbox 239 2947 292 2990; x_wconf 89' lang='lat' dir='ltr'><strong>me</strong></span> <span class='ocrx_word' id='word_1_206' title='bbox 306 2927 440 2990; x_wconf 90' lang='lat' dir='ltr'><strong>mittens</strong></span> <span class='ocrx_word' id='word_1_207' title='bbox 455 2945 527 2988; x_wconf 88' lang='lat' dir='ltr'><strong>oras</strong></span> <span class='ocrx_word' id='word_1_208' title='bbox 548 2933 586 2988; x_wconf 87' lang='lat' dir='ltr'><strong>ut</strong></span> <span class='ocrx_word' id='word_1_209' title='bbox 607 2921 691 2989; x_wconf 90' lang='lat' dir='ltr'><strong>hene</strong></span> <span class='ocrx_word' id='word_1_210' title='bbox 712 2943 873 3007; x_wconf 86' lang='lat' dir='ltr'><strong>pugnem:</strong></span> <span class='ocrx_word' id='word_1_211' title='bbox 897 2943 1030 2986; x_wconf 87' lang='lat' dir='ltr'><strong>securus</strong></span> <span class='ocrx_word' id='word_1_212' title='bbox 1054 2931 1125 2986; x_wconf 89' lang='lat' dir='ltr'><strong>esto</strong></span> <span class='ocrx_word' id='word_1_213' title='bbox 1148 2922 1236 3008; x_wconf 91' lang='lat' dir='ltr'><strong>quod</strong></span> <span class='ocrx_word' id='word_1_214' title='bbox 1258 2923 1439 3009; x_wconf 84' lang='lat' dir='ltr'><strong>cuicunque</strong></span> 
     </span>
     <span class='ocr_line' id='line_1_25' title="bbox 238 3024 1438 3110; baseline -0.002 -16"><span class='ocrx_word' id='word_1_215' title='bbox 238 3030 332 3094; x_wconf 87' lang='lat' dir='ltr'><strong>cedat</strong></span> <span class='ocrx_word' id='word_1_216' title='bbox 346 3028 421 3094; x_wconf 85' lang='lat' dir='ltr'><strong>belli</strong></span> <span class='ocrx_word' id='word_1_217' title='bbox 435 3026 569 3093; x_wconf 87' lang='lat' dir='ltr'><strong>victoria</strong></span> <span class='ocrx_word' id='word_1_218' title='bbox 583 3026 643 3091; x_wconf 87' lang='lat' dir='ltr'><strong>tibi</strong></span> <span class='ocrx_word' id='word_1_219' title='bbox 657 3026 742 3105; x_wconf 87' lang='lat' dir='ltr'><strong>dieo,</strong></span> <span class='ocrx_word' id='word_1_220' title='bbox 756 3025 809 3090; x_wconf 84' lang='lat' dir='ltr'><strong>vel</strong></span> <span class='ocrx_word' id='word_1_221' title='bbox 823 3024 975 3090; x_wconf 88' lang='lat' dir='ltr'><strong>hostibus</strong></span> <span class='ocrx_word' id='word_1_222' title='bbox 990 3045 1049 3110; x_wconf 90' lang='lat' dir='ltr'><strong>ego</strong></span> <span class='ocrx_word' id='word_1_223' title='bbox 1066 3026 1106 3090; x_wconf 90' lang='lat' dir='ltr'><strong>de</strong></span> <span class='ocrx_word' id='word_1_224' title='bbox 1120 3026 1270 3091; x_wconf 86' lang='lat' dir='ltr'><strong>laudibus</strong></span> <span class='ocrx_word' id='word_1_225' title='bbox 1290 3027 1438 3092; x_wconf 88' lang='lat' dir='ltr'><strong>omnium</strong></span> 
     </span>
     <span class='ocr_line' id='line_1_26' title="bbox 237 3129 1439 3218; baseline -0.002 -20"><span class='ocrx_word' id='word_1_226' title='bbox 237 3131 477 3218; x_wconf 88' lang='lat' dir='ltr'><strong>triumphabo.&#39;&#39;</strong></span> <span class='ocrx_word' id='word_1_227' title='bbox 508 3131 554 3195; x_wconf 88' lang='lat' dir='ltr'><strong>Et</strong></span> <span class='ocrx_word' id='word_1_228' title='bbox 569 3129 781 3214; x_wconf 88' lang='lat' dir='ltr'><strong>triumphavit</strong></span> <span class='ocrx_word' id='word_1_229' title='bbox 794 3129 883 3192; x_wconf 89' lang='lat' dir='ltr'><strong>idem</strong></span> <span class='ocrx_word' id='word_1_230' title='bbox 893 3149 968 3192; x_wconf 90' lang='lat' dir='ltr'><strong>cum</strong></span> <span class='ocrx_word' id='word_1_231' title='bbox 980 3129 1101 3193; x_wconf 87' lang='lat' dir='ltr'><strong>multos</strong></span> <span class='ocrx_word' id='word_1_232' title='bbox 1113 3129 1147 3192; x_wconf 91' lang='lat' dir='ltr'><strong>in</strong></span> <span class='ocrx_word' id='word_1_233' title='bbox 1158 3129 1268 3214; x_wconf 80' lang='lat' dir='ltr'><strong>fugam</strong></span> <span class='ocrx_word' id='word_1_234' title='bbox 1280 3131 1439 3215; x_wconf 87' lang='lat' dir='ltr'><strong>coegisset</strong></span> 
     </span>
     <span class='ocr_line' id='line_1_27' title="bbox 236 3231 1438 3318; baseline -0.003 -16"><span class='ocrx_word' id='word_1_235' title='bbox 236 3238 349 3302; x_wconf 90' lang='lat' dir='ltr'><strong>hostes</strong></span> <span class='ocrx_word' id='word_1_236' title='bbox 363 3234 478 3312; x_wconf 88' lang='lat' dir='ltr'><strong>victor,</strong></span> <span class='ocrx_word' id='word_1_237' title='bbox 493 3232 638 3298; x_wconf 88' lang='lat' dir='ltr'><strong>cruribus</strong></span> <span class='ocrx_word' id='word_1_238' title='bbox 653 3231 833 3318; x_wconf 86' lang='lat' dir='ltr'><strong>perforatis,</strong></span> <span class='ocrx_word' id='word_1_239' title='bbox 848 3231 914 3295; x_wconf 87' lang='lat' dir='ltr'><strong>lata</strong></span> <span class='ocrx_word' id='word_1_240' title='bbox 935 3231 1056 3312; x_wconf 85' lang='lat' dir='ltr'><strong>lances,</strong></span> <span class='ocrx_word' id='word_1_241' title='bbox 1080 3231 1175 3297; x_wconf 90' lang='lat' dir='ltr'><strong>sociis</strong></span> <span class='ocrx_word' id='word_1_242' title='bbox 1198 3232 1240 3296; x_wconf 90' lang='lat' dir='ltr'><strong>ad</strong></span> <span class='ocrx_word' id='word_1_243' title='bbox 1263 3233 1366 3318; x_wconf 89' lang='lat' dir='ltr'><strong>spolia</strong></span> <span class='ocrx_word' id='word_1_244' title='bbox 1387 3255 1438 3298; x_wconf 90' lang='lat' dir='ltr'><strong>re·</strong></span> 
     </span>
     <span class='ocr_line' id='line_1_28' title="bbox 236 3333 1439 3419; baseline -0.003 -16"><span class='ocrx_word' id='word_1_245' title='bbox 236 3338 333 3416; x_wconf 87' lang='lat' dir='ltr'><strong>lictis,</strong></span> <span class='ocrx_word' id='word_1_246' title='bbox 348 3335 490 3400; x_wconf 80' lang='lat' dir='ltr'><strong>invitans</strong></span> <span class='ocrx_word' id='word_1_247' title='bbox 505 3334 607 3398; x_wconf 85' lang='lat' dir='ltr'><strong>hastae</strong></span> <span class='ocrx_word' id='word_1_248' title='bbox 621 3335 721 3419; x_wconf 89' lang='lat' dir='ltr'><strong>pedes</strong></span> <span class='ocrx_word' id='word_1_249' title='bbox 738 3333 876 3413; x_wconf 88' lang='lat' dir='ltr'><strong>rediens,</strong></span> <span class='ocrx_word' id='word_1_250' title='bbox 890 3355 965 3398; x_wconf 91' lang='lat' dir='ltr'><strong>cum</strong></span> <span class='ocrx_word' id='word_1_251' title='bbox 982 3335 1083 3398; x_wconf 83' lang='lat' dir='ltr'><strong>esuis</strong></span> <span class='ocrx_word' id='word_1_252' title='bbox 1106 3333 1319 3418; x_wconf 90' lang='lat' dir='ltr'><strong>eomplicibus</strong></span> <span class='ocrx_word' id='word_1_253' title='bbox 1341 3344 1375 3399; x_wconf 88' lang='lat' dir='ltr'><strong>et</strong></span> <span class='ocrx_word' id='word_1_254' title='bbox 1396 3335 1439 3400; x_wconf 86' lang='lat' dir='ltr'><strong>ab</strong></span> 
     </span>
     <span class='ocr_line' id='line_1_29' title="bbox 236 3432 1438 3522; baseline -0.003 -16"><span class='ocrx_word' id='word_1_255' title='bbox 236 3461 349 3506; x_wconf 91' lang='lat' dir='ltr'><strong>eorum</strong></span> <span class='ocrx_word' id='word_1_256' title='bbox 359 3444 596 3500; x_wconf 88' lang='lat' dir='ltr'><strong>essetremotus</strong></span> <span class='ocrx_word' id='word_1_257' title='bbox 606 3432 987 3514; x_wconf 88' lang='lat' dir='ltr'><strong>obtutibus,insiluerunt</strong></span> <span class='ocrx_word' id='word_1_258' title='bbox 995 3434 1028 3498; x_wconf 92' lang='lat' dir='ltr'><strong>in</strong></span> <span class='ocrx_word' id='word_1_259' title='bbox 1038 3456 1112 3499; x_wconf 89' lang='lat' dir='ltr'><strong>eum</strong></span> <span class='ocrx_word' id='word_1_260' title='bbox 1123 3435 1232 3500; x_wconf 91' lang='lat' dir='ltr'><strong>subito</strong></span> <span class='ocrx_word' id='word_1_261' title='bbox 1241 3436 1438 3522; x_wconf 89' lang='lat' dir='ltr'><strong>trespedites</strong></span> 
     </span>
     <span class='ocr_line' id='line_1_30' title="bbox 236 3535 1437 3623; baseline -0.002 -18"><span class='ocrx_word' id='word_1_262' title='bbox 236 3563 278 3609; x_wconf 88' lang='lat' dir='ltr'><strong>ex</strong></span> <span class='ocrx_word' id='word_1_263' title='bbox 292 3537 398 3616; x_wconf 85' lang='lat' dir='ltr'><strong>victis,</strong></span> <span class='ocrx_word' id='word_1_264' title='bbox 420 3536 544 3623; x_wconf 87' lang='lat' dir='ltr'><strong>primus</strong></span> <span class='ocrx_word' id='word_1_265' title='bbox 565 3536 687 3615; x_wconf 85' lang='lat' dir='ltr'><strong>lancea,</strong></span> <span class='ocrx_word' id='word_1_266' title='bbox 710 3535 871 3600; x_wconf 87' lang='lat' dir='ltr'><strong>secundus</strong></span> <span class='ocrx_word' id='word_1_267' title='bbox 894 3537 1036 3621; x_wconf 90' lang='lat' dir='ltr'><strong>enipulo,</strong></span> <span class='ocrx_word' id='word_1_268' title='bbox 1058 3537 1172 3601; x_wconf 89' lang='lat' dir='ltr'><strong>tertius</strong></span> <span class='ocrx_word' id='word_1_269' title='bbox 1195 3557 1281 3616; x_wconf 89' lang='lat' dir='ltr'><strong>areu,</strong></span> <span class='ocrx_word' id='word_1_270' title='bbox 1303 3537 1437 3602; x_wconf 90' lang='lat' dir='ltr'><strong>inermis</strong></span> 
     </span>
     <span class='ocr_line' id='line_1_31' title="bbox 235 3637 1437 3724; baseline -0.005 -14"><span class='ocrx_word' id='word_1_271' title='bbox 235 3647 291 3712; x_wconf 90' lang='lat' dir='ltr'><strong>ille</strong></span> <span class='ocrx_word' id='word_1_272' title='bbox 301 3640 413 3707; x_wconf 88' lang='lat' dir='ltr'><strong>lancea</strong></span> <span class='ocrx_word' id='word_1_273' title='bbox 423 3649 569 3724; x_wconf 81' lang='lat' dir='ltr'><strong>excepta.</strong></span> <span class='ocrx_word' id='word_1_274' title='bbox 614 3637 679 3703; x_wconf 88' lang='lat' dir='ltr'><strong>Sed</strong></span> <span class='ocrx_word' id='word_1_275' title='bbox 690 3647 725 3703; x_wconf 89' lang='lat' dir='ltr'><strong>et</strong></span> <span class='ocrx_word' id='word_1_276' title='bbox 736 3638 782 3702; x_wconf 89' lang='lat' dir='ltr'><strong>illi</strong></span> <span class='ocrx_word' id='word_1_277' title='bbox 794 3646 914 3723; x_wconf 86' lang='lat' dir='ltr'><strong>praeter</strong></span> <span class='ocrx_word' id='word_1_278' title='bbox 927 3638 1092 3724; x_wconf 83' lang='lat' dir='ltr'><strong>praedieta.</strong></span> <span class='ocrx_word' id='word_1_279' title='bbox 1129 3639 1276 3703; x_wconf 89' lang='lat' dir='ltr'><strong>Primum</strong></span> <span class='ocrx_word' id='word_1_280' title='bbox 1290 3639 1389 3724; x_wconf 90' lang='lat' dir='ltr'><strong>igitur</strong></span> <span class='ocrx_word' id='word_1_281' title='bbox 1402 3640 1437 3706; x_wconf 88' lang='lat' dir='ltr'><strong>in</strong></span> 
     </span>
     <span class='ocr_line' id='line_1_32' title="bbox 236 3739 1438 3826; baseline -0.006 -13"><span class='ocrx_word' id='word_1_282' title='bbox 236 3748 380 3813; x_wconf 86' lang='lat' dir='ltr'><strong>adventu</strong></span> <span class='ocrx_word' id='word_1_283' title='bbox 392 3745 504 3809; x_wconf 87' lang='lat' dir='ltr'><strong>lancea</strong></span> <span class='ocrx_word' id='word_1_284' title='bbox 519 3740 654 3826; x_wconf 87' lang='lat' dir='ltr'><strong>suscipit</strong></span> <span class='ocrx_word' id='word_1_285' title='bbox 667 3741 884 3806; x_wconf 79' lang='lat' dir='ltr'><strong>transfossum</strong></span> <span class='ocrx_word' id='word_1_286' title='bbox 898 3739 934 3804; x_wconf 92' lang='lat' dir='ltr'><strong>in</strong></span> <span class='ocrx_word' id='word_1_287' title='bbox 948 3761 1014 3819; x_wconf 89' lang='lat' dir='ltr'><strong>cor,</strong></span> <span class='ocrx_word' id='word_1_288' title='bbox 1029 3749 1063 3805; x_wconf 88' lang='lat' dir='ltr'><strong>et</strong></span> <span class='ocrx_word' id='word_1_289' title='bbox 1078 3762 1138 3805; x_wconf 87' lang='lat' dir='ltr'><strong>sua</strong></span> <span class='ocrx_word' id='word_1_290' title='bbox 1152 3740 1283 3806; x_wconf 89' lang='lat' dir='ltr'><strong>sinistra</strong></span> <span class='ocrx_word' id='word_1_291' title='bbox 1293 3743 1438 3807; x_wconf 83' lang='lat' dir='ltr'><strong>lanceam</strong></span> 
     </span>
     <span class='ocr_line' id='line_1_33' title="bbox 235 3843 1438 3937; baseline -0.006 -21"><span class='ocrx_word' id='word_1_292' title='bbox 235 3850 339 3937; x_wconf 88' lang='lat' dir='ltr'><strong>ipsius</strong></span> <span class='ocrx_word' id='word_1_293' title='bbox 354 3847 481 3925; x_wconf 83' lang='lat' dir='ltr'><strong>avertit,</strong></span> <span class='ocrx_word' id='word_1_294' title='bbox 492 3855 526 3912; x_wconf 88' lang='lat' dir='ltr'><strong>et</strong></span> <span class='ocrx_word' id='word_1_295' title='bbox 538 3867 630 3909; x_wconf 89' lang='lat' dir='ltr'><strong>suam</strong></span> <span class='ocrx_word' id='word_1_296' title='bbox 645 3844 817 3910; x_wconf 86' lang='lat' dir='ltr'><strong>extrahens</strong></span> <span class='ocrx_word' id='word_1_297' title='bbox 831 3843 946 3929; x_wconf 89' lang='lat' dir='ltr'><strong>recipit</strong></span> <span class='ocrx_word' id='word_1_298' title='bbox 964 3844 1142 3908; x_wconf 90' lang='lat' dir='ltr'><strong>secundum</strong></span> <span class='ocrx_word' id='word_1_299' title='bbox 1157 3866 1216 3930; x_wconf 89' lang='lat' dir='ltr'><strong>per</strong></span> <span class='ocrx_word' id='word_1_300' title='bbox 1229 3844 1371 3911; x_wconf 90' lang='lat' dir='ltr'><strong>medium</strong></span> <span class='ocrx_word' id='word_1_301' title='bbox 1387 3844 1438 3909; x_wconf 89' lang='lat' dir='ltr'><strong>in·</strong></span> 
     </span>
     <span class='ocr_line' id='line_1_34' title="bbox 236 3945 1439 4040; baseline -0.004 -23"><span class='ocrx_word' id='word_1_302' title='bbox 236 3953 362 4040; x_wconf 83' lang='lat' dir='ltr'><strong>guinis3</strong></span> <span class='ocrx_word' id='word_1_303' title='bbox 377 3951 492 4017; x_wconf 89' lang='lat' dir='ltr'><strong>tertius</strong></span> <span class='ocrx_word' id='word_1_304' title='bbox 503 3950 614 4036; x_wconf 89' lang='lat' dir='ltr'><strong>ipsum</strong></span> <span class='ocrx_word' id='word_1_305' title='bbox 630 3948 826 4014; x_wconf 84' lang='lat' dir='ltr'><strong>titubantem</strong></span> <span class='ocrx_word' id='word_1_306' title='bbox 838 3945 991 4032; x_wconf 89' lang='lat' dir='ltr'><strong>repperit,</strong></span> <span class='ocrx_word' id='word_1_307' title='bbox 1003 3955 1036 4011; x_wconf 91' lang='lat' dir='ltr'><strong>et</strong></span> <span class='ocrx_word' id='word_1_308' title='bbox 1046 3947 1285 4034; x_wconf 87' lang='lat' dir='ltr'><strong>parvipendens</strong></span> <span class='ocrx_word' id='word_1_309' title='bbox 1294 3947 1439 4033; x_wconf 76' lang='lat' dir='ltr'><strong>amplex-</strong></span> 
     </span>
     <span class='ocr_line' id='line_1_35' title="bbox 237 4050 1437 4141; baseline -0.005 -19"><span class='ocrx_word' id='word_1_310' title='bbox 237 4065 310 4121; x_wconf 89' lang='lat' dir='ltr'><strong>atus</strong></span> <span class='ocrx_word' id='word_1_311' title='bbox 325 4065 377 4121; x_wconf 88' lang='lat' dir='ltr'><strong>est</strong></span> <span class='ocrx_word' id='word_1_312' title='bbox 391 4078 467 4122; x_wconf 90' lang='lat' dir='ltr'><strong>eum</strong></span> <span class='ocrx_word' id='word_1_313' title='bbox 479 4054 570 4141; x_wconf 90' lang='lat' dir='ltr'><strong>quasi</strong></span> <span class='ocrx_word' id='word_1_314' title='bbox 585 4053 705 4140; x_wconf 89' lang='lat' dir='ltr'><strong>eligens</strong></span> <span class='ocrx_word' id='word_1_315' title='bbox 720 4051 808 4117; x_wconf 87' lang='lat' dir='ltr'><strong>hosti</strong></span> <span class='ocrx_word' id='word_1_316' title='bbox 822 4071 882 4136; x_wconf 92' lang='lat' dir='ltr'><strong>pro</strong></span> <span class='ocrx_word' id='word_1_317' title='bbox 891 4060 970 4117; x_wconf 85' lang='lat' dir='ltr'><strong>voto</strong></span> <span class='ocrx_word' id='word_1_318' title='bbox 986 4060 1135 4117; x_wconf 87' lang='lat' dir='ltr'><strong>mortem.</strong></span> <span class='ocrx_word' id='word_1_319' title='bbox 1180 4051 1241 4118; x_wconf 94' lang='lat' dir='ltr'><strong>Ille</strong></span> <span class='ocrx_word' id='word_1_320' title='bbox 1252 4061 1361 4120; x_wconf 86' lang='lat' dir='ltr'><strong>autem</strong></span> <span class='ocrx_word' id='word_1_321' title='bbox 1375 4050 1437 4117; x_wconf 88' lang='lat' dir='ltr'><strong>im-</strong></span> 
     </span>
    </p>
   </div>
   <div class='ocr_carea' id='block_1_3' title="bbox 0 0 1808 4862">
    <p class='ocr_par' dir='ltr' id='par_1_3' title="bbox 0 0 1808 4862">
     <span class='ocr_line' id='line_1_36' title="bbox 0 0 1808 4862; baseline 0 5"><span class='ocrx_word' id='word_1_322' title='bbox 0 0 1808 4862; x_wconf 95' lang='lat' dir='ltr'><strong> </strong></span> 
     </span>
    </p>
   </div>
  </div>
 </body>
</html>
