3650 4852
405 523 447 582 58
838 534 1026 580 unsarans
1052 534 1173 578 marus
1435 533 1556 596 [Daune.
1571 535 1594 584 1.

408 696 513 753 mutet
527 687 731 752 contumeliae
742 707 819 750 vasa
837 686 872 751 in
893 685 1121 751 misericordiae
1135 682 1329 762 habitacula,
1343 694 1382 748 ut
1400 683 1462 771 ipsi
1479 685 1614 750 videant

409 813 444 856 se
459 791 589 868 certius,
605 800 638 855 et
661 812 696 854 se
722 798 813 853 tanto
838 788 979 853 minores
1001 789 1166 853 aestiment
1189 809 1297 852 coram
1318 787 1410 873 justo
1434 797 1468 853 et
1482 810 1612 874 magno,

409 903 530 978 quanto
546 893 647 977 magis
661 892 725 977 ipsi
740 890 898 958 contritos
913 901 947 956 et
960 889 1099 956 humiles
1115 889 1309 969 deriserunt,
1324 891 1433 956 ethos
1449 890 1612 978 religionis

409 995 516 1059 cultus
532 994 659 1059 novitas
674 993 851 1060 adinvenit.

656 1166 887 1248 Recepitalatio
904 1165 1243 1233 Grondimonteruiam.
1286 1166 1375 1251 xxvj.

453 1303 518 1367 Est
538 1301 637 1367 etiam
662 1301 734 1381 elia,
758 1309 797 1366 ut
826 1299 1031 1385 supradictus
1058 1309 1119 1380 est,
1143 1298 1489 1365 Grandimontensium
1515 1309 1613 1380 secta,

412 1428 484 1490 quaa
499 1428 518 1469 a
533 1406 673 1492 quodam
690 1403 855 1489 Stephano
871 1401 1013 1487 sumpsit
1036 1402 1215 1482 exordium,
1242 1401 1298 1486 qui
1323 1402 1448 1487 regulas
1473 1425 1547 1468 suas
1573 1423 1614 1468 ex

411 1508 588 1594 Evangelio
605 1507 745 1592 scripsit,
761 1526 891 1570 omnem
906 1505 1126 1570 exterminans
1141 1503 1319 1569 avaritiam.
1365 1505 1479 1570 Unum
1492 1503 1615 1570 hebent

412 1613 552 1696 priorem
578 1610 815 1695 presbyterum,
830 1606 886 1692 qui
910 1607 999 1671 domi
1021 1617 1199 1692 perpetuus
1222 1615 1283 1685 est,
1299 1607 1353 1692 qui
1377 1609 1466 1674 nulla
1490 1609 1616 1674 ratione

414 1723 544 1797 septum
564 1711 736 1796 egreditur,
752 1710 841 1773 nulla
855 1719 955 1795 prout
968 1709 1104 1794 alicujus
1119 1710 1289 1775 vocatione
1304 1712 1496 1795 praemoveri
1517 1711 1616 1793 votis,

415 1813 567 1879 omnibus
583 1836 602 1876 a
617 1811 757 1877 subditis
773 1811 916 1891 timetur,
932 1820 966 1876 et
981 1833 1053 1896 quae
1074 1833 1141 1876 non
1155 1812 1238 1876 vidit
1252 1821 1310 1876 aut
1324 1813 1448 1878 videbit
1462 1835 1521 1899 pro
1536 1823 1615 1880 voto

413 1917 609 1981 moderatur.
655 1915 771 1980 Clerici
794 1935 923 1998 semper
947 1913 1063 1978 inclusi
1081 1923 1168 1992 sunt,
1188 1936 1263 1979 cum
1279 1915 1386 1980 Maria
1404 1916 1615 1993 delectentur,

415 2020 490 2105 quia
514 2041 581 2083 non
607 2019 702 2082 datur
727 2016 856 2102 egredi3
880 2017 954 2080 laici
975 2018 1174 2102 respondent
1188 2019 1393 2103 hospitibus3
1416 2019 1525 2085 oblata
1539 2039 1617 2097 non,

415 2129 527 2186 exacta
536 2119 729 2206 suscipiunt,
741 2130 775 2186 et
785 2130 949 2206 gratanter
960 2129 1104 2204 erogant,
1116 2119 1221 2184 officie
1229 2121 1346 2186 domu
1362 2131 1395 2185 et
1405 2121 1535 2206 negotia
1543 2140 1617 2205 pro·

417 2231 550 2300 curant3
573 2232 704 2287 etcum
729 2223 763 2287 in
789 2223 943 2287 omnibus
967 2221 1139 2286 videantur
1163 2222 1296 2301 domini,
1319 2222 1559 2308 dispensatores
1584 2229 1619 2286 et

417 2323 501 2387 servi
512 2333 590 2387 sunt
601 2323 803 2405 interiorum,
816 2325 970 2411 quoniam
980 2325 1027 2390 eis
1042 2323 1271 2390 administrant
1286 2324 1405 2404 omnia,
1419 2334 1458 2390 ut
1471 2324 1618 2389 nihileos

416 2447 548 2492 movere
563 2427 668 2510 possit
682 2426 818 2512 alicujus
838 2427 1050 2512 indulgentias
1065 2426 1249 2491 sollicitudo
1265 2436 1356 2492 extra
1370 2427 1508 2512 primam
1526 2426 1619 2491 inda·

417 2527 536 2612 ginem.
581 2529 674 2592 Nihil
688 2529 794 2612 operis
818 2531 951 2606 faciunt,
965 2529 1091 2594 nullum
1116 2528 1298 2615 suscipiunt
1320 2531 1361 2594 ad
1385 2529 1619 2595 habitationem

417 2629 537 2708 locum,
558 2651 619 2695 nec
637 2631 673 2694 in
693 2631 799 2716 aliqua
813 2631 1018 2696 residentiam
1039 2631 1162 2696 faciunt
1182 2631 1343 2717 parochia,
1359 2632 1428 2697 sine
1442 2633 1539 2718 plena
1553 2653 1621 2696 me·

417 2732 605 2817 tropolitani
628 2742 685 2796 aut
698 2733 914 2798 archidiaconi
928 2733 1068 2813 licentia,
1083 2734 1210 2798 firmata
1220 2733 1318 2799 etiam
1332 2735 1422 2820 prius
1437 2757 1512 2800 cum
1527 2755 1621 2820 paro·

419 2833 513 2898 chiali
528 2833 717 2919 presbytero
733 2835 943 2920 stipulatione
958 2836 999 2900 de
1015 2882 1151 2903 ......
1166 2837 1274 2902 anima
1288 2857 1348 2921 pro
1366 2836 1499 2900 decimis
1514 2845 1549 2900 et
1563 2835 1620 2900 ob·

419 2934 628 3000 ventionibus
657 2935 720 2998 loci
755 2937 970 3022 suscipienda.
1022 2939 1185 3003 Animalia
1213 2961 1281 3005 non
1314 2938 1447 3019 habent,
1476 2937 1621 3024 exceptis

421 3036 555 3120 apibus3
577 3037 648 3102 illas
663 3046 773 3103 autem
788 3040 950 3104 concessit
965 3039 1151 3127 Stephanus
1166 3041 1242 3126 quia
1257 3088 1266 3106 .
1283 3089 1291 3108 .
1308 3089 1316 3108 .
1333 3088 1343 3108 .
1358 3064 1424 3106 non
1440 3051 1543 3107 artem
1566 3063 1623 3126 pa·

421 3137 499 3202 bula
523 3147 557 3204 et
582 3139 706 3203 fructus
734 3162 847 3206 eorum
868 3141 1015 3208 simulet
1031 3144 1130 3208 semel
1156 3143 1285 3230 publice
1300 3144 1487 3229 percipitur.
1532 3143 1624 3208 Nihil

423 3263 463 3306 ex
475 3241 521 3306 eis
537 3241 669 3306 avaritia
683 3243 912 3329 singularitatis
927 3246 1054 3332 expecti
1073 3269 1133 3311 nec
1159 3247 1255 3312 decor
1280 3245 1371 3310 alluit
1392 3265 1625 3329 possessorem.

425 3342 511 3408 Cum
540 3344 692 3430 magister
719 3358 828 3413 autem
858 3370 915 3414 eos
945 3350 986 3414 ad
1016 3349 1181 3435 negotium
1205 3358 1330 3427 evocat,
1354 3348 1419 3412 duo
1442 3348 1539 3413 simul
1570 3356 1626 3412 aut

423 3446 533 3530 plures
544 3458 674 3528 exeunt,
687 3458 720 3513 et
734 3449 768 3513 in
780 3450 827 3514 eis
839 3473 936 3516 nemo
949 3451 1110 3535 solivagus
1121 3451 1196 3536 quia
1210 3473 1252 3516 ne
1263 3451 1324 3516 soli
1336 3449 1365 3515 si
1376 3449 1550 3517 ceciderint
1558 3471 1626 3514 non

425 3548 547 3614 habent
562 3549 796 3616 sublevantem.
842 3553 944 3618 Omni
965 3554 1091 3639 petenti
1105 3577 1237 3618 manum
1252 3553 1423 3639 aperiunt3
1445 3575 1520 3618 cum
1535 3550 1627 3618 cibus

425 3673 492 3716 non
508 3662 667 3737 superest,
682 3675 739 3738 per
754 3654 839 3719 diem
851 3677 953 3720 unum
968 3657 1126 3736 esuriunt,
1139 3666 1174 3722 ct
1187 3657 1217 3721 ei
1232 3657 1346 3722 dicunt
1360 3657 1452 3741 cujus
1467 3663 1519 3719 est
1529 3653 1628 3720 orbis.

427 3754 463 3820 si
484 3765 593 3820 autem
616 3777 684 3820 non
705 3778 762 3821 eos
777 3757 925 3838 audierit,
939 3759 1147 3844 egrediuntur
1161 3759 1195 3823 in
1211 3759 1352 3824 crastino
1367 3759 1444 3838 duo,
1459 3756 1629 3822 nunciant·

428 3877 490 3940 que
504 3857 650 3940 pontifici
672 3858 808 3922 fratrum
830 3861 981 3925 esuriem.
1026 3861 1061 3926 si
1087 3883 1163 3927 vero
1190 3883 1251 3928 nee
1275 3861 1340 3942 ille,
1352 3862 1504 3948 jejunant
1525 3860 1628 3925 donee

428 3979 484 4022 eos
507 3957 670 4022 Dominus
696 3981 755 4044 per
782 3961 922 4046 aliquem
943 3961 1130 4030 visitaverit.
1176 3964 1465 4030 Conservationem
1494 3961 1629 4028 interius

429 4079 577 4124 arcanam
591 4069 716 4140 tenent,
730 4073 847 4146 praeter
861 4065 1049 4150 episcopum
1073 4076 1107 4131 et
1131 4089 1275 4132 summos
1295 4067 1458 4152 principes
1483 4083 1552 4130 non
1575 4063 1630 4127 ad-

430 4161 566 4227 mittunt
591 4164 787 4250 quempiam.
832 4165 891 4231 Hii
914 4177 1023 4233 autem
1039 4168 1121 4233 nihil
1142 4169 1218 4236 inde
1233 4169 1411 4256 praedicant
1426 4165 1629 4254 despicabile.
