3608 4862
264 533 326 598 cip.
338 534 388 598 tit]
665 533 711 576 aa
729 531 839 578 uuurs
856 532 1080 578 ouaraaruu.
1388 517 1447 576 145

248 701 347 780 mina,
370 723 441 785 quae
471 699 572 764 rarior
600 709 652 764 cst
683 700 843 784 phoenice,
866 702 966 765 amari
999 722 1065 765 non
1102 709 1212 785 potest
1238 699 1308 764 sine
1334 699 1449 764 amari-

247 803 361 868 tudine
387 813 494 868 metus
531 813 565 867 et
594 802 818 868 sollicitudinis
853 813 887 868 et
917 804 1093 888 frequentis
1125 803 1305 869 infortunii.
1350 801 1448 868 Melae

246 924 335 984 vero,
360 926 496 990 quarum
526 913 593 968 tam
622 904 755 989 copiosa
784 915 861 970 sunt
897 906 1045 970 examina
1078 915 1117 970 ut
1147 905 1255 970 nullus
1285 905 1375 969 locus
1406 904 1449 968 sit

247 1027 362 1092 expers
374 1009 581 1094 malignitatis
597 1030 718 1087 earum,
729 1031 805 1074 cum
819 1020 968 1074 amantur
982 1031 1088 1074 amare
1104 1012 1286 1094 pungunt*
1302 1019 1335 1073 et
1349 1007 1448 1072 afflic-

208 1137 212 1142 ·
248 1109 457 1175 tionivacant
467 1110 621 1194 usquead
637 1109 827 1175 divisionem
844 1111 987 1196 corporis
999 1121 1032 1176 et
1043 1112 1207 1196 spiritus.†
1231 1110 1447 1191 Amica,cthi·

247 1234 323 1277 cum
338 1223 399 1294 est,
409 1213 519 1278 videto
535 1213 587 1278 cui
603 1213 675 1292 des3
691 1213 834 1278 ethicum
846 1223 906 1293 est,
918 1213 1027 1279 videto
1043 1215 1096 1279 cui
1110 1215 1224 1296 fidesss
1249 1214 1375 1279 Vexilla
1386 1235 1447 1298 pu·

248 1314 367 1380 dicitiae
382 1316 528 1380 tulerunt
542 1337 616 1379 cum
633 1314 761 1379 Sabinis
777 1316 929 1380 Lucretia
943 1326 976 1380 et
992 1316 1165 1401 Penelope,
1181 1326 1215 1380 et
1228 1316 1445 1401 parvissimo§

247 1418 404 1482 comitatu
414 1419 559 1504 trophaea
569 1418 758 1482 retulerunt.
782 1419 906 1497 Amice,
915 1419 1003 1483 nulla
1015 1428 1066 1484 est
1075 1421 1237 1500 Lucretia,
1245 1421 1334 1484 nulla
1346 1421 1449 1484 Pene-

247 1519 334 1604 lope,
349 1520 437 1584 nulla
457 1519 595 1600 Sabina3
619 1541 733 1584 omnes
749 1519 836 1583 time.
883 1519 1042 1604 Ingressoe
1058 1531 1136 1585 sunt
1153 1521 1237 1586 acies
1252 1521 1287 1584 in
1310 1519 1446 1584 Sabinas

248 1622 354 1707 Scylla
369 1621 444 1686 Nisi
456 1633 490 1688 et
506 1623 642 1708 Myrrha
657 1622 795 1700 Cinarae,
806 1633 840 1688 et
851 1633 969 1688 secutae
983 1633 1060 1688 sunt
1071 1646 1126 1688 eas
1141 1623 1245 1689 turboe
1255 1624 1366 1688 multa*
1377 1645 1446 1688 om-

246 1725 338 1790 nium
354 1725 506 1790 vitiorum
523 1726 666 1790 exercitu
681 1726 819 1811 stipatae,
835 1736 873 1790 ut
886 1727 1037 1810 gemitus,
1052 1737 1090 1791 ut
1104 1727 1251 1812 suspiria,
1263 1737 1300 1792 ut
1314 1727 1446 1790 tandem

247 1827 408 1892 infernum
424 1829 561 1913 captivis
577 1828 645 1893 suis
660 1828 789 1892 faciant.
828 1829 953 1906 Amice,
968 1849 1010 1892 ne
1025 1828 1134 1914 praeda
1148 1829 1207 1892 fias
1222 1829 1448 1893 immisericor-

247 1931 337 1996 dium
353 1931 554 2016 praedonum,
566 1951 634 1994 non
646 1929 786 1994 dormias
798 1929 830 1992 in
845 1931 984 1994 transitu
996 1952 1116 1995 aarum.
1140 1931 1272 2017 Jupiter
1281 1954 1338 1996 rex
1349 1940 1446 1995 terre·

247 2057 323 2115 nus,
338 2036 393 2121 qui
408 2035 506 2101 etiam
526 2034 632 2100 dictus
655 2044 706 2098 est
720 2034 874 2098 coelorum
895 2055 962 2112 rex,
986 2055 1053 2120 prae
1079 2034 1231 2120 singulari
1256 2036 1447 2100 strenuitate

247 2141 390 2225 corporis
413 2151 447 2204 et
465 2137 710 2226 incomparabili
725 2136 844 2201 mentis
867 2137 1037 2222 elegantia,
1052 2147 1128 2223 post
1143 2139 1309 2224 Europam
1324 2139 1447 2222 mugire

247 2251 377 2306 coactus
392 2253 452 2306 est.
496 2242 621 2321 Amice,
637 2262 710 2306 ecce
726 2261 823 2326 quem
833 2239 963 2304 bonitas
979 2261 1077 2326 super
1091 2243 1189 2306 coelos
1205 2241 1330 2320 extulit,
1342 2241 1447 2304 foemi·

246 2367 289 2408 na
303 2343 408 2409 brutis
423 2345 630 2430 comparavit.
662 2343 787 2410 Poterit
810 2353 843 2408 et
866 2353 899 2407 te
917 2343 1049 2408 foemina
1074 2366 1187 2427 cogere
1212 2345 1252 2408 ad
1275 2344 1447 2430 mugitum,

246 2448 274 2512 si
296 2470 363 2513 nou
387 2471 422 2513 es
447 2448 532 2515 Jove
558 2450 671 2534 major,
691 2448 783 2532 cujus
817 2447 1031 2531 magnitudini
1061 2469 1157 2511 nemo
1178 2448 1259 2511 alius
1291 2469 1350 2534 par
1374 2447 1446 2510 fuit.

247 2551 401 2630 Phoebus,
424 2553 479 2638 qui
506 2552 672 2636 sapientiae
701 2550 798 2614 radiis
825 2549 926 2614 totius
950 2550 1037 2615 orbis
1058 2550 1249 2636 primitiavit
1277 2550 1448 2628 ambitum,

247 2663 284 2717 ut
309 2655 425 2719 merito
444 2655 521 2720 solis
546 2655 679 2720 nomine
706 2654 794 2718 solus
818 2653 1042 2734 illustraretur,
1063 2653 1240 2720 infatuatus
1266 2663 1317 2718 est
1339 2675 1447 2719 amore

246 2757 463 2836 Leucothoes,
488 2755 550 2820 sibi
573 2757 614 2820 ad
636 2755 847 2841 ignominiam
871 2765 904 2820 et
925 2756 973 2820 illi
987 2756 1027 2820 ad
1052 2757 1232 2836 interitum,
1247 2767 1280 2821 et
1300 2756 1447 2841 ecliptica

246 2859 303 2924 diu
312 2859 534 2924 vicissitudine
548 2860 656 2923 varius
673 2860 778 2924 factus
794 2869 845 2923 est
859 2861 1043 2946 frequenter
1057 2861 1106 2924 sui
1132 2883 1252 2945 egenus
1262 2863 1275 2944 ΙΙ
1304 2860 1447 2940 luminis,

246 2982 311 3046 quo
322 2970 412 3026 totus
423 2961 648 3026 universaliter
657 2960 772 3046 egebat
784 2961 937 3026 mundus.
962 2963 1088 3041 Amice,
1100 2983 1141 3026 ne
1152 2963 1261 3028 lumen
1272 2965 1360 3050 quod
1368 2965 1401 3028 in
1414 2975 1447 3030 te

245 3074 297 3129 est
306 3063 448 3129 tenebrae
457 3063 526 3142 fiat,
535 3063 746 3129 Leucothoen
757 3063 872 3148 fugito.
903 3063 1007 3143 Mars,
1018 3065 1074 3150 qui
1086 3066 1166 3131 deus
1178 3066 1368 3132 bellantium
1384 3067 1447 3132 dici

245 3168 365 3232 meruit
378 3167 617 3251 triumphorum
629 3166 776 3231 familiari
788 3168 977 3252 frequentia,
989 3169 1023 3232 in
1035 3169 1152 3253 quibus
1165 3171 1296 3256 expedit
1308 3172 1446 3236 maxime

244 3279 397 3358 prompta
423 3271 609 3349 strenuitas,
630 3270 712 3334 nihil
732 3270 794 3334 sibi
816 3281 963 3336 metuens
986 3295 1005 3336 a
1035 3273 1229 3352 Mulcibroil
1252 3275 1368 3360 ligatus
1396 3284 1446 3340 est

248 3398 323 3440 cum
335 3376 474 3454 Venere,
484 3373 700 3440 invisibilibus
721 3373 850 3459 quidem
866 3374 999 3454 catenis,
1011 3376 1217 3441 sensibilibus
1232 3388 1360 3456 tamem
1382 3377 1446 3442 hoc

244 3488 354 3542 autem
366 3479 406 3542 ad
416 3478 608 3564 applausum
625 3487 807 3562 satyrorum
823 3485 857 3540 et
872 3477 1012 3540 derisum
1026 3477 1164 3542 coelestis
1181 3479 1287 3542 curiae.
1319 3477 1443 3558 Amice,

247 3581 402 3646 meditare
422 3581 536 3645 saltem
555 3589 683 3645 catenas
707 3601 786 3664 quas
809 3600 875 3642 non
890 3578 981 3641 vides
997 3587 1030 3642 et
1047 3578 1115 3661 jam
1130 3579 1164 3642 in
1176 3589 1267 3664 parte
1282 3580 1395 3658 sentis,
1410 3592 1444 3645 et

276 3789 291 3824 *
304 3793 423 3854 puniunt.
436 3791 494 3840 MS.
507 3789 603 3838 Arund.
858 3792 904 3844 ecl,
927 3788 1007 3837 videto
1024 3790 1065 3837 cui
1080 3787 1137 3842 cler:
1156 3789 1237 3837 ethica
1253 3791 1297 3848 esf,
1308 3790 1389 3838 videto
1403 3793 1445 3840 cui

275 3874 293 3930 †
308 3873 404 3932 mima,
415 3871 473 3921 MS.
487 3871 583 3921 Aruud.
851 3872 927 3934 fides.

276 3955 290 4011 z
307 3954 389 4001 attica
409 3957 445 4002 eat
464 3953 544 4001 videto
561 3953 603 4000 cul
629 3953 654 4000 fa
673 3951 722 4010 der,
747 3950 824 4000 MSS.
891 3953 905 4011 5
919 3951 1076 4012 paucissimo,
1088 3951 1145 3999 MS.
1159 3951 1256 4001 Arund.

242 4034 336 4083 Arund.
349 4034 396 4082 aud
409 4033 485 4082 Bura.
509 4033 563 4083 Tha
573 4037 627 4082 text
636 4033 736 4097 printed
746 4033 771 4081 in
783 4033 825 4080 tha
895 4034 905 4095 ΙΙ
923 4031 1086 4093 superabis.
1101 4031 1179 4080 Burn.

241 4117 321 4165 vorke
332 4115 361 4164 of
375 4115 413 4164 St.
425 4115 524 4165 Jcroma
536 4116 615 4176 reads,
628 4115 827 4178 Philosophiam
892 4114 911 4172 tf
925 4113 1043 4170 Vulcano,
1056 4113 1131 4162 MSS.
1146 4113 1241 4162 Arucd.
1253 4116 1300 4162 and
1314 4115 1390 4166 Bura.

284 4219 397 4264 OAMD.
415 4219 489 4263 800.
1245 4217 1267 4260 U
