3610 4852
232 567 293 630 cap.
312 567 365 628 η]
619 565 666 609 ou
688 565 797 609 soors
821 565 1046 610 contactum.
1358 549 1415 618 187

216 757 355 815 scaccos,
369 744 404 800 et
418 733 554 800 obtento
569 735 647 798 ludo
669 756 766 820 super
781 735 973 802 scaccarium
997 735 1149 820 genitalia
1164 744 1197 799 et
1212 735 1322 799 oculos
1341 756 1417 819 pro-

210 837 293 922 jicit,
310 839 420 902 dicens
435 837 523 923 quod
548 837 589 902 ab
613 837 684 923 ipsa
706 837 871 917 didicerat,
897 839 1019 903 “Filia
1035 837 1105 904 orbi
1122 839 1193 902 dico
1208 838 1306 903 mct.''
1353 838 1416 902 His

216 941 304 1018 visis,
320 942 434 1006 edocta
455 941 565 1025 virago
580 942 658 1027 quid
673 942 854 1024 contigerit,
874 941 949 1006 licet
964 942 993 1005 ei
1009 943 1201 1026 procellatur
1215 941 1256 1005 ad
1278 951 1416 1007 mortem

217 1045 355 1123 animus,
376 1045 581 1110 serenissimo
597 1047 671 1110 visu
687 1045 832 1110 laetitiam
848 1047 958 1111 dicens
984 1047 1115 1110 simulat
1137 1046 1305 1110 dominum
1321 1067 1416 1109 suum

216 1149 444 1214 facetissimum
459 1150 573 1214 secisse
592 1151 764 1235 justitiam,
789 1159 822 1215 et
844 1150 920 1216 licet
935 1173 1027 1215 mens
1049 1152 1118 1236 ejus
1135 1151 1219 1215 votis
1234 1150 1359 1214 nisibus
1376 1149 1417 1213 ad

216 1252 391 1317 vindictam
407 1263 559 1332 armetur,
575 1254 655 1318 nihil
669 1253 804 1320 internae
821 1255 1067 1319 machinationis
1083 1254 1160 1318 foris
1176 1275 1329 1339 apparere
1343 1275 1416 1338 per-

218 1355 328 1421 mittit.
373 1357 453 1421 Erat
468 1368 577 1421 autem
597 1357 723 1422 hisdem
749 1357 950 1442 temporibus
978 1379 1087 1422 comes
1103 1357 1262 1422 Naunetti
1278 1355 1415 1434 Hoelus,

217 1467 251 1524 et
268 1457 399 1543 juvenis
420 1469 453 1522 et
470 1459 632 1524 formosus
663 1468 697 1522 et
722 1468 884 1538 strenuus,
907 1459 962 1545 qui
987 1482 1061 1524 cum
1087 1459 1117 1524 ci
1141 1459 1262 1544 absque
1285 1459 1415 1544 negotio

216 1561 342 1647 placere
357 1570 480 1647 posset,
496 1583 535 1626 eo
556 1562 626 1627 solo
647 1563 812 1648 perplacet
833 1585 897 1648 quo
920 1561 996 1626 inda
1011 1563 1150 1648 Wigano
1166 1583 1281 1628 nocere
1297 1571 1416 1646 potest,

217 1662 388 1749 missisque
403 1665 530 1729 nunciis
545 1665 579 1728 iu
594 1688 696 1729 unum
712 1676 830 1729 coeunt
845 1665 1024 1750 iniquitatis
1039 1665 1193 1743 animum,
1205 1665 1259 1729 illa
1273 1665 1418 1742 ultionis,

217 1765 270 1830 ille
285 1767 437 1846 avaritiae,
459 1769 645 1854 cupiditatis
668 1780 813 1855 uterque.
859 1770 900 1834 Se
922 1769 1060 1834 invicem
1087 1777 1120 1832 et
1143 1769 1335 1833 alterutrum
1359 1790 1418 1832 sua

218 1870 351 1954 capiunt
367 1880 569 1956 mortemque
592 1870 732 1954 Wigani.
778 1870 913 1935 Fallitur
937 1892 1012 1956 ergo
1036 1871 1134 1935 miser
1148 1882 1182 1936 et
1197 1871 1237 1935 ab
1258 1872 1329 1958 ipsa
1343 1872 1419 1936 mit-

217 1973 299 2037 titur
311 1973 346 2036 in
362 1973 448 2050 dolo,
463 1973 556 2058 quasi
570 1972 666 2038 rebus
683 1973 750 2037 suis
766 1996 838 2058 quae
853 1974 893 2037 ad
909 1973 990 2037 fines
1009 1975 1141 2038 Naineti
1156 1986 1293 2059 vergunt
1309 1975 1418 2060 dispo·

219 2073 349 2153 siturus,
365 2085 399 2140 et
416 2075 617 2140 interficitur.
663 2074 812 2160 Occupat
835 2075 962 2139 Hoelus
986 2076 1105 2154 omnia,
1129 2087 1162 2139 et
1186 2099 1278 2140 suam
1298 2077 1418 2141 faciens

217 2177 307 2241 ducit
331 2177 479 2255 alienam,
505 2177 667 2262 filiamque
695 2187 877 2262 susceptam
902 2177 943 2241 ab
969 2177 1041 2263 ipsa
1065 2179 1167 2243 nobili
1191 2180 1261 2243 viro
1285 2179 1417 2243 nomine

219 2277 344 2364 Ilispon
366 2281 484 2365 nuptui
508 2279 616 2358 tradit,
639 2290 673 2346 et
697 2289 774 2364 post
796 2302 898 2344 annos
914 2281 1037 2366 aliquot
1059 2281 1161 2346 filium
1182 2304 1222 2346 ex
1245 2303 1284 2346 ea
1306 2282 1420 2366 genuit

217 2403 313 2465 quem
329 2382 412 2446 dixit
427 2382 645 2460 Salomonem,
667 2392 701 2446 et
716 2392 864 2447 mortuus
879 2393 939 2450 est.
985 2385 1149 2449 Successit
1170 2386 1200 2449 ei
1225 2386 1361 2471 Ilispon,
1384 2395 1419 2450 et

217 2485 358 2550 violenta
382 2485 548 2550 invasione
568 2485 629 2550 toti
652 2485 837 2549 dominatur
862 2485 1049 2565 Britanniae,
1073 2488 1128 2572 qui
1146 2509 1187 2551 ne
1202 2487 1268 2550 ulla
1289 2499 1419 2553 maneat

216 2587 412 2652 haereditatis
435 2588 605 2668 calumnia,
626 2587 833 2652 Salomonem
850 2589 994 2654 occidere
1010 2589 1135 2674 querit,
1159 2591 1250 2674 cujus
1266 2591 1417 2656 misertus

217 2690 266 2754 vir
289 2691 407 2756 nobilis
431 2701 465 2756 et
490 2692 616 2756 illarum
642 2691 783 2776 partium
806 2691 1013 2756 fidelissimus
1044 2692 1175 2768 Henna,
1206 2703 1335 2779 raptum
1362 2694 1417 2759 ab·

218 2793 346 2857 scondit
370 2794 567 2858 infantulum
593 2794 679 2858 inter
704 2793 833 2878 popinae
861 2817 928 2859 suae
951 2817 1072 2874 servos,
1103 2805 1140 2860 ut
1165 2796 1249 2860 inter
1277 2797 1417 2862 humiles

217 2897 345 2961 educati
370 2897 556 2962 conditione
583 2896 711 2974 servuli,
738 2907 906 2982 statusque
929 2899 1052 2962 vilitate
1082 2900 1248 2984 sanguinis
1278 2900 1416 2966 altitudo

218 2999 351 3064 veletur.
397 2999 565 3064 Nutricius
596 3000 685 3064 hunc
712 2999 800 3064 solus
830 3023 904 3065 cum
932 3002 1000 3066 sola
1026 3021 1084 3066 sua
1110 3004 1286 3088 cognoscit.
1332 3004 1418 3070 Cum

217 3110 325 3165 autem
341 3110 429 3166 esset
448 3122 607 3166 annorum
634 3102 828 3186 quindecim,
844 3115 877 3169 et
898 3105 1035 3189 fugisset
1058 3129 1135 3190 aper
1158 3131 1177 3170 a
1198 3107 1417 3188 venatoribus,

217 3203 342 3288 llispon
354 3203 443 3268 misit
458 3224 492 3268 se
501 3205 584 3268 forte
599 3203 632 3267 in
642 3205 752 3269 lucum
763 3206 859 3289 juxta
872 3208 1027 3292 popinam
1037 3209 1069 3272 in
1083 3231 1145 3294 qua
1156 3209 1416 3275 commorabatur

218 3303 382 3370 Salomon.
427 3305 575 3369 Exiliunt
584 3305 625 3368 ad
639 3329 755 3372 canum
767 3309 871 3393 jubila
886 3311 1005 3374 Hermo
1020 3321 1054 3374 et
1064 3311 1184 3374 familia
1198 3334 1267 3390 sua,
1280 3335 1416 3398 cumque

217 3405 461 3472 circumstarent
476 3431 550 3472 cum
564 3411 783 3489 venatoribus,
798 3423 832 3476 et
845 3435 942 3477 nemo
958 3435 1016 3498 per
1030 3412 1195 3476 audaciam
1206 3426 1417 3498 praesumeret

217 3510 259 3574 ad
273 3531 386 3594 aprum
403 3510 537 3595 ingredi,
553 3511 647 3576 irruit
660 3513 694 3576 in
710 3536 824 3599 aprum
848 3515 1000 3579 Salomon
1016 3516 1125 3578 tunica
1139 3515 1224 3580 soeda
1246 3517 1303 3580 sed
1325 3519 1419 3583 vultu

217 3610 315 3691 bono,
335 3612 502 3697 palliolum
525 3613 649 3678 hahens
665 3616 698 3678 in
715 3616 845 3680 sinistra
866 3616 1033 3681 cultellum
1048 3617 1081 3680 in
1098 3620 1229 3683 dextera
1253 3619 1416 3684 modicum

217 3725 251 3780 et
278 3715 477 3780 involantem
498 3716 533 3780 in
557 3739 602 3798 se,
624 3719 750 3782 fortiter
774 3720 910 3804 suscipit
932 3720 1072 3798 sinistra,
1094 3719 1246 3784 interficit
1275 3723 1416 3804 dextera,

218 3818 437 3902 spectaculum
467 3819 507 3883 de
537 3842 638 3906 puero
668 3822 798 3907 quidem
828 3824 1006 3886 formosum
1038 3834 1071 3886 et
1100 3825 1133 3887 in
1172 3824 1417 3890 admirationem

217 3919 361 3984 omnium
395 3919 524 3985 cedens.
574 3923 664 3986 Dum
694 3946 770 4008 ergo
807 3947 874 4010 proe
911 3925 1132 4009 magnitudine
1170 3927 1239 4011 apri
1276 3938 1347 3991 tum
1377 3929 1418 3992 ad

215 4021 325 4107 ipsum
351 4031 421 4085 tum
448 4023 489 4086 ad
514 4045 652 4109 puerum
676 4047 789 4091 omnes
812 4026 1058 4092 intenderentur
1083 4029 1178 4106 oculi,
1203 4031 1329 4097 vocavit
1344 4053 1418 4097 oum

215 4125 249 4188 in
279 4135 405 4209 partem
435 4139 571 4192 venator
601 4149 710 4210 senex,
742 4131 795 4216 qui
823 4153 897 4196 cum
925 4139 1015 4214 patre
1040 4131 1143 4217 ipsius
1164 4135 1279 4214 fuerat,
1298 4157 1419 4201 nomen
