3610 4852
269 569 407 635 omnen
611 569 657 613 oa
675 567 786 615 nuere
803 569 1028 616 cunisaruu.
1376 554 1439 630 179

236 721 368 786 nanitus
392 727 453 798 est,
465 727 499 783 et
513 727 647 804 stupore
662 721 791 802 defecit,
806 721 961 808 hiatuque
978 723 1149 788 dehiscens
1170 723 1300 789 infinito
1313 746 1440 810 perme-

234 821 330 887 abilis
359 823 406 888 eis
435 820 598 906 usquein
628 820 738 908 abyssi
771 823 950 888 novissima
985 824 1069 888 facta
1098 833 1160 904 est,
1191 826 1279 890 unde
1312 847 1440 912 semper

233 925 406 992 absorbere
444 925 565 989 sufficit
600 925 752 1011 quicquid
780 926 950 992 infundere
976 937 1087 1012 potest
1113 927 1210 994 maris
1240 930 1437 1010 immanitas,

236 1027 403 1116 Charybdi
426 1027 488 1093 sub
516 1028 671 1094 Messana
686 1029 869 1115 persimilis.
916 1029 1078 1116 Quicquid
1093 1030 1208 1097 incidit
1230 1053 1307 1098 casu
1328 1034 1381 1098 vel
1395 1034 1437 1099 ab

232 1131 329 1196 arido
344 1131 427 1196 rictu
436 1131 619 1210 attrahitur,
634 1131 911 1197 irremediabiliter
925 1133 1124 1218 periclitetur
1132 1159 1143 1214 3
1168 1143 1212 1214 et,
1226 1135 1302 1221 quia
1316 1158 1436 1202 nomen

232 1245 302 1300 erat
316 1235 431 1322 virgini
447 1234 846 1321 satalia‚v0rsgosati1iae
862 1235 1081 1317 nominatur,*
1099 1247 1133 1303 et
1154 1237 1296 1304 evitatur
1311 1239 1352 1304 ab
1367 1261 1437 1305 om-

233 1337 341 1418 nihus,
356 1337 444 1425 quod
459 1339 557 1423 vulgo
569 1338 689 1404 dicitur
702 1337 845 1418 chufre
860 1341 898 1404 de
914 1341 1045 1406 Salutio.

477 1653 528 1715 De
542 1651 678 1716 Nicoluo
694 1653 776 1734 Pipe
790 1653 915 1718 domim
927 1673 1078 1736 equares.
1122 1653 1189 1718 xiii.

275 1854 376 1920 Multi
397 1854 513 1918 vivunt
534 1853 589 1940 qui
611 1852 706 1918 nobis
728 1875 883 1939 magnum
915 1865 949 1920 ct
978 1855 1067 1920 omni
1096 1855 1308 1922 admiratione
1330 1860 1434 1944 majus

227 1967 378 2024 enarrant
398 1957 567 2022 sevidisse
588 1955 671 2022 circa
688 1966 826 2042 pontum
850 1958 931 2022 illud
955 1957 1138 2044 prodigium
1154 1959 1327 2025 Nicolaum
1344 1961 1434 2046 Pipe,

229 2060 394 2126 hominem
425 2081 622 2146 aequoreum,
657 2061 714 2145 qui
744 2061 813 2126 sine
844 2061 1005 2146 spiraculo
1036 2062 1092 2126 diu
1120 2084 1180 2148 per
1208 2085 1354 2128 mensem
1382 2065 1435 2128 vel

229 2187 352 2228 annum
366 2163 483 2230 vicinia
497 2163 591 2249 ponti
606 2185 681 2228 cum
699 2163 843 2248 piscibus
863 2163 1089 2250 frequentabat
1107 2165 1280 2244 indemnis,
1303 2175 1337 2230 et
1351 2175 1434 2231 tem·

229 2277 354 2353 pestate
375 2268 526 2353 depressa
548 2265 686 2332 navibus
707 2267 856 2354 inportu
881 2269 1005 2333 exitum
1031 2267 1163 2334 vetabat
1185 2269 1354 2354 praesagio,
1379 2270 1433 2334 vel

226 2370 364 2458 egressis
389 2372 529 2436 reditum
554 2369 749 2448 indicebat.†
794 2369 899 2437 Verus
921 2373 1032 2451 homo,
1054 2371 1136 2436 nihil
1156 2373 1372 2438 inhumanum
1394 2373 1429 2438 in

226 2473 392 2555 membris,
414 2474 495 2538 nihil
509 2473 542 2538 in
558 2474 665 2559 aliquo
679 2474 822 2560 quinque
843 2495 998 2539 sensuum
1018 2475 1164 2539 delectus
1184 2474 1320 2556 habens,
1342 2487 1432 2540 trans

225 2579 392 2644 hominem
418 2586 565 2663 acceptat
589 2576 804 2663 aptitudinem
832 2577 982 2663 piscium.
1028 2577 1114 2642 Cum
1143 2586 1252 2642 autem
1282 2579 1315 2642 in
1342 2600 1430 2644 mare

227 2678 445 2745 descendebat
467 2699 590 2744 moram
613 2678 659 2743 ibi
680 2679 834 2759 facturus,
857 2679 1036 2764 fragmenta
1056 2679 1176 2745 veteris
1199 2679 1274 2745 ferri
1297 2680 1337 2746 de
1358 2679 1433 2766 biga

225 2784 277 2848 vel
289 2781 427 2870 pedibus
442 2804 600 2868 equorum
615 2781 667 2847 vel
683 2782 859 2868 antiquatas
875 2781 1082 2867 supellectilis
1098 2783 1203 2848 avulsi
1219 2805 1329 2848 aecum
1344 2784 1431 2849 defe-

225 2886 329 2966 rebat,
349 2885 441 2970 cujus
462 2884 609 2951 nondum
630 2883 789 2950 rationem
810 2885 928 2950 audivi.
975 2885 1050 2950 Hoc
1070 2907 1136 2950 uno
1156 2896 1225 2952 erat
1238 2886 1431 2951 imminutus

225 2989 268 3054 ab
287 2987 474 3053 hominibus
498 2997 532 3052 et
552 2986 696 3072 piscibus
717 2987 840 3068 unitus,
861 2985 949 3073 quod
965 2987 1034 3050 sine
1051 2986 1147 3051 maris
1163 2987 1262 3053 odore
1277 2989 1329 3054 vel
1349 3011 1432 3075 aqua

225 3094 334 3158 vivere
357 3115 425 3157 non
450 3091 576 3178 potuit;
606 3112 681 3155 cum
707 3083 928 3155 abducebatur
952 3079 1081 3176 longius
1105 3100 1261 3177 tanquam
1286 3093 1431 3158 anhelitu

227 3195 396 3261 deficiente
436 3190 631 3258 recurrebat.
686 3191 820 3277 Cupivit
849 3213 923 3256 eum
954 3215 1011 3257 rex
1046 3193 1173 3258 Siculus
1207 3195 1428 3276 Willielmus‡

225 3298 343 3363 auditis
369 3297 420 3361 his
446 3295 566 3374 videre,
588 3293 753 3380 jussitque
778 3295 886 3381 ipsum
914 3295 976 3359 sibi
1001 3297 1201 3381 praesentari,
1227 3319 1324 3383 quem
1350 3297 1429 3362 dum

223 3401 363 3468 invitum
375 3399 540 3463 traherent
553 3397 639 3462 inter
655 3419 770 3461 manus
786 3418 899 3462 corum
914 3397 1061 3462 absentia
1075 3398 1172 3462 maris
1188 3400 1351 3464 extinctus
1367 3410 1427 3465 est.

226 3505 319 3569 Licet
338 3526 405 3567 non
424 3502 533 3566 minus
554 3501 743 3566 admiranda
756 3500 888 3585 legerim
903 3501 956 3564 vel
977 3499 1144 3581 audierim,
1167 3501 1248 3565 nihil
1262 3502 1338 3566 huic
1352 3523 1428 3586 por·

223 3617 315 3674 tento
339 3606 443 3671 simile
464 3605 542 3672 scio.
587 3603 692 3690 Supra
702 3603 951 3670 cenomannum
966 3603 999 3668 in
1020 3605 1105 3670 Aere
1119 3605 1300 3691 comparuit
1314 3606 1426 3670 multis

254 3795 271 3830 *
287 3797 340 3845 'Ihe
356 3796 404 3860 hay
421 3795 450 3845 ol
468 3795 560 3844 Satalia
583 3809 632 3843 was
654 3793 808 3858 notorioualy
839 3795 964 3857 examples
982 3794 1008 3842 iu
1025 3794 1058 3842 all
1077 3807 1144 3856 ages,
1156 3792 1204 3841 aud
1215 3793 1305 3844 almost
1315 3793 1341 3842 iu
1353 3810 1426 3860 every

222 3879 357 3941 dangercus
379 3883 406 3926 to
426 3878 575 3940 navigatore,
592 3876 640 3925 aud
657 3877 744 3941 pecple
766 3891 807 3925 ac·
840 3878 953 3937 country.

221 3961 329 4010 couuted
339 3961 379 4008 sor
386 3960 408 4008 it
417 3960 449 4023 by
460 3959 560 4023 legende
568 3960 618 4008 like
628 3960 686 4032 this.
872 3958 888 4016 t
904 3957 1014 4006 William
1026 3957 1062 4006 11.
1076 3956 1144 4020 Kiug
1156 3956 1185 4006 ol
1194 3956 1270 4021 Sicily
1280 3955 1344 4006 nom
1361 3957 1425 4009 1166

254 4043 311 4106 ’fh
338 4042 456 4091 marmaid
475 4047 553 4104 story,
581 4041 610 4091 ol
633 4041 715 4090 which
743 4041 764 4089 it
786 4041 807 4088 ia
842 4039 914 4097 ileo,
936 4038 958 4086 is
979 4037 1098 4102 probably
1115 4039 1158 4088 the
1176 4039 1293 4090 monarch
1308 4039 1367 4090 here
1384 4056 1423 4090 re·

221 4123 310 4188 hardly
321 4139 447 4188 umary
464 4129 491 4172 to
510 4123 611 4172 observa
629 4123 683 4171 that
701 4137 737 4170 we
755 4120 807 4169 find
840 4119 920 4168 lcrred
930 4124 965 4168 tc.
