3650 4852
235 519 380 600 emm]
603 532 650 576 cs
675 531 787 578 nucis
811 531 1037 580 ennrnarun.
1378 523 1416 581 51

216 685 318 772 gratia
332 681 412 749 dicit
424 680 579 768 gaudium
593 692 645 747 est
667 704 764 766 super
787 705 853 749 uno
876 695 1046 770 peccatore
1063 685 1287 771 prenitentiam
1302 696 1418 773 agente

219 810 316 875 quam
332 807 430 872 super
442 784 619 870 nonaginta
632 807 750 851 novem
762 787 889 872 justis*
904 788 959 873 qui
975 811 1041 853 non
1056 789 1208 874 indigunt
1227 789 1417 876 penitentia.

218 889 272 954 lta
285 897 398 952 noster
407 895 592 972 peccatores
607 895 709 966 notat,
725 897 759 952 et
773 889 887 974 recipit
895 915 905 969 3
920 890 975 954 isti
990 900 1206 956 contemnunt
1219 903 1253 958 et
1262 893 1416 978 ejiciunt3

217 990 271 1056 ille
280 989 337 1074 qui
351 989 509 1073 adipsum
524 988 615 1053 venit
625 1009 692 1052 non
708 988 796 1075 ejicit
808 991 905 1070 foras,
916 991 971 1056 isti
986 993 1154 1058 venientes
1166 1003 1326 1059 avertunt.
1364 992 1417 1058 De

217 1092 289 1157 istis
305 1090 350 1155 ait
364 1089 493 1170 veritas,
515 1111 534 1153 a
557 1089 715 1156 fructibus
735 1113 847 1157 eorum
871 1095 1125 1176 cognoscetis;†
1150 1115 1207 1159 eos
1234 1095 1416 1173 audiamus,

218 1195 343 1260 fruetus
358 1213 471 1256 eorum
485 1190 603 1271 bonos,
617 1193 760 1277 primum
775 1195 973 1279 pauperibus
996 1195 1119 1262 habent
1137 1219 1255 1262 manus
1277 1205 1416 1281 apertas,

218 1317 256 1362 ac
269 1303 362 1382 parte
373 1293 566 1379 dispergunt
579 1293 711 1379 quidem
726 1304 759 1360 et
773 1296 863 1375 dant,
879 1296 935 1362 sed
951 1319 1018 1362 non
1031 1297 1191 1378 reficiunt,
1205 1298 1280 1383 quia
1298 1297 1417 1382 singuli

217 1399 383 1464 modicum
409 1395 681 1482 quidaccipiunt,
704 1407 836 1463 etcum
852 1419 957 1483 neque
981 1401 1160 1464 secmrdum
1186 1421 1277 1463 suam
1301 1399 1415 1463 dicunt

218 1498 449 1564 abundantiam
462 1519 566 1582 neque
578 1499 758 1563 secundum
772 1521 950 1584 pauperum
962 1501 1183 1586 indigentiam,
1199 1500 1329 1564 sinistra
1338 1500 1414 1564 dare

216 1601 378 1680 videntur,
400 1621 467 1664 non
483 1599 596 1665 dextra
604 1626 614 1681 3
629 1601 688 1665 sed
702 1623 787 1682 cum,
803 1612 839 1666 ut
854 1603 963 1666 omnia
977 1625 1052 1668 vere
1074 1603 1155 1669 nihil
1170 1602 1345 1688 sophistice
1367 1603 1413 1666 fa-

216 1705 314 1784 ciant,
335 1705 521 1769 nidlatenus
542 1704 720 1790 aequabunt
740 1704 885 1770 Domino
908 1707 996 1791 quod
1026 1706 1242 1786 abstulerunt,
1264 1707 1338 1791 quia
1359 1703 1414 1769 vel

216 1807 325 1872 nullus
339 1816 391 1872 est
400 1806 453 1871 vel
467 1806 561 1890 pauci
572 1816 649 1872 sunt
665 1829 776 1872 eorum
791 1817 982 1886 conventus,
998 1809 1054 1895 qui
1067 1831 1136 1874 non
1150 1808 1260 1894 plures
1274 1806 1411 1872 fecerint

217 1931 347 1996 egenos,
362 1930 459 1995 quam
474 1907 649 1974 exhibeant
663 1908 841 1993 hospitales
855 1908 1006 1989 invicem,
1020 1910 1055 1974 id
1075 1921 1137 1990 est,
1158 1911 1243 1975 inter
1265 1931 1299 1974 se
1323 1931 1412 1973 sum·

216 2011 263 2075 mi
274 2011 399 2076 ratione
413 2020 554 2095 possunt
566 2031 650 2090 esse,
665 2011 806 2076 sednon
821 2011 926 2092 nobis,
942 2013 1085 2077 Domine
1100 2013 1192 2078 Dens
1207 2022 1330 2091 noster,
1344 2032 1411 2075 non

215 2113 311 2178 nobis
322 2113 385 2178 his.
429 2113 522 2179 Quos
537 2112 654 2178 timore
668 2113 840 2198 potestatis
854 2114 907 2178 rel
922 2115 1149 2198 euvangendos
1164 2114 1199 2195 (l)
1218 2112 1409 2196 suscipiunt,

216 2225 288 2281 toto
304 2215 474 2300 splendore
489 2215 619 2300 popinae
630 2215 857 2300 propitiantur,
873 2223 942 2280 tote
956 2215 1066 2280 virltus
1082 2224 1116 2279 et
1129 2214 1303 2280 verborum
1318 2215 1412 2278 adest

214 2317 340 2398 laetitia,
354 2315 435 2401 ipris
452 2338 565 2382 eorum
587 2326 654 2380 tam
677 2316 817 2401 benigne
839 2327 908 2382 tam
931 2317 1181 2384 misericorditer
1204 2325 1335 2402 apertus
1359 2323 1410 2380 est

215 2419 317 2499 sinus,
332 2427 400 2483 tam
420 2417 609 2502 simpliciter
623 2426 691 2482 tam
712 2417 844 2483 idiotice
859 2428 976 2484 cuncta
992 2419 1136 2502 profusa,
1151 2418 1262 2484 credas
1278 2416 1410 2502 angelos

215 2543 287 2587 esse
298 2541 365 2584 non
379 2520 539 2598 homines,
555 2519 635 2584 etin
652 2518 789 2584 abcessu
803 2528 861 2585 tuo
876 2519 1042 2585 miraberis
1057 2519 1169 2584 laudes
1181 2540 1303 2584 eorum.
1337 2520 1410 2584 Nos

214 2633 325 2688 autem
339 2621 487 2707 AEgyptii
508 2631 541 2686 et
564 2619 648 2706 vagi,
668 2620 723 2706 qui
747 2642 807 2706 pro
831 2623 904 2687 Deo
929 2621 999 2687 solo
1021 2621 1225 2704 suscipimur,
1239 2620 1322 2684 nihil
1346 2620 1410 2684 nisi

215 2724 380 2790 ceritatem
395 2721 580 2807 allegantes,
602 2723 679 2788 illuc
693 2723 778 2788 ultra
797 2747 864 2789 non
885 2724 1087 2801 revertimur,
1102 2724 1181 2788 dum
1196 2721 1273 2787 alias
1294 2723 1409 2808 aliquae

213 2825 378 2912 patuerint
398 2833 501 2910 porta·
523 2824 575 2889 vel
597 2824 715 2906 burste,
738 2826 793 2912 qui
818 2828 1013 2913 respondere
1036 2829 1142 2913 possit
1169 2835 1246 2914 post
1268 2827 1409 2912 hymnos

211 2927 414 3012 vespertinos
429 2927 593 2992 neminem
608 2937 758 2993 nostrum
774 2939 831 2994 aut
848 2940 968 2996 vocant
989 2940 1046 2995 aut
1060 2931 1195 2996 trabunt
1216 2938 1273 2993 aut
1294 2929 1407 3014 hospi·

213 3032 298 3095 tium
318 3031 487 3116 patiuntur
500 3031 634 3116 ingredi,
649 3053 724 3096 cum
739 3041 816 3116 post
828 3031 941 3118 longas
957 3032 1060 3097 dietas
1081 3032 1182 3118 magis
1200 3053 1239 3096 eo
1261 3039 1408 3116 tempore

214 3133 305 3218 quies
321 3142 453 3218 optetur
473 3142 507 3197 et
529 3133 673 3211 relectio,
688 3133 794 3219 sitque
813 3134 943 3220 repulsa
964 3134 1142 3199 molestior.
1187 3134 1240 3198 De
1260 3132 1407 3198 vestibus

213 3256 325 3300 eorum
347 3244 381 3300 et
405 3234 478 3301 cibo
504 3244 538 3300 et
559 3234 669 3300 labore
684 3235 837 3302 diuturno
852 3237 975 3316 dicunt,
991 3235 1108 3322 quibus
1129 3234 1191 3320 ipsi
1215 3233 1295 3298 boni
1321 3244 1409 3313 sunt,

213 3336 269 3420 qui
293 3335 375 3400 nibil
401 3337 448 3402 eis
467 3337 545 3400 mali
566 3336 670 3403 lacere
695 3347 846 3423 possunt,
868 3338 956 3425 quod
970 3346 1079 3403 vestes
1097 3358 1166 3401 non
1189 3335 1354 3400 sufficiunt
1367 3337 1409 3400 ad

211 3438 312 3524 frigus
327 3459 387 3502 nee
402 3435 493 3502 cibus
508 3437 549 3501 ad
564 3439 715 3519 esuriem,
736 3439 952 3504 laborantem
974 3439 1154 3504 immensus
1167 3463 1176 3518 ;
1193 3447 1227 3502 et
1240 3437 1316 3501 inde
1327 3437 1408 3502 mihi

210 3540 335 3606 iaciunt
349 3547 574 3624 argumentum
589 3541 677 3626 quod
692 3541 801 3626 cupidi
816 3563 883 3606 non
899 3550 987 3620 sunt,
1002 3541 1079 3627 quia
1090 3539 1152 3603 sibi
1163 3538 1317 3602 adnullas
1330 3538 1409 3602 deli-

210 3643 276 3710 cias
291 3639 448 3724 acquirite
461 3641 665 3724 perveniunt.
695 3642 726 3706 O
742 3665 839 3727 quam
852 3641 955 3707 facilis
970 3645 1011 3708 ad
1025 3645 1089 3706 hoc
1103 3639 1292 3725 responsio!
1307 3640 1409 3706 foene·

210 3753 334 3810 ratores
359 3741 603 3828 etquicunque
628 3741 769 3807 avaritiae
798 3741 996 3824 deserriunt,
1018 3763 1128 3808 nonne
1157 3740 1344 3826 parcissime
1374 3765 1409 3807 se

210 3844 356 3911 vestiunt
377 3853 411 3910 et
433 3843 539 3909 viliter
562 3842 742 3909 exhibent?
765 3854 799 3912 et
824 3845 984 3911 thesauris
1013 3843 1209 3910 incumbunt
1233 3842 1409 3910 morientes

404 4058 421 4093 *
438 4060 499 4110 Luc.
511 4075 551 4110 xv.
563 4063 588 4112 7.
987 4063 1003 4125 †
1021 4061 1115 4113 Mettis.
1127 4064 1170 4114 rii.
1185 4065 1224 4114 16.
