3608 4862
393 561 455 622 114
818 571 1007 619 susurrent
1031 571 1153 617 nares
1387 573 1511 639 [miens.
1524 575 1575 627 111.

393 727 554 794 desideret
577 725 662 792 Galo
684 724 772 813 quod
794 733 886 791 tanto
918 723 1151 790 recordationis
1183 723 1298 790 ardore
1329 725 1472 812 patitur3
1502 727 1592 812 quod

393 840 515 915 quanto
526 830 629 895 credit
640 829 798 894 occultius
813 838 847 893 et
860 828 891 894 ei
904 827 1029 892 firmius
1040 827 1143 893 celere
1153 828 1370 913 propositum,
1385 838 1479 895 tanto
1500 827 1591 914 cupit

394 935 519 998 avidius
533 933 641 1019 ipsum
667 933 708 1000 ad
737 932 966 998 revelationem
992 932 1063 1016 ejus
1084 931 1247 1011 inducere,
1270 933 1404 1017 cupiens
1425 933 1534 1017 ipsum
1555 933 1591 996 in

394 1036 474 1102 facie
489 1037 573 1101 tanti
587 1035 743 1100 confundi
764 1035 975 1122 principatus,
990 1035 1083 1120 cujus
1107 1033 1197 1100 dolet
1220 1035 1380 1101 introrsus
1403 1035 1591 1102 erubescere

394 1137 435 1202 de
449 1139 588 1224 repulsa.

439 1241 517 1306 Mos
533 1252 641 1307 autem
656 1253 725 1308 erat
738 1243 806 1329 regi
821 1243 958 1330 singulis
973 1241 1111 1309 natalitii
1130 1241 1181 1306 sui
1195 1242 1310 1308 diebus
1335 1242 1460 1328 singula
1473 1241 1590 1328 regine

395 1341 526 1408 donaria
540 1355 688 1430 provoto
703 1349 858 1412 conferre.
903 1347 1002 1411 Petiit
1026 1346 1124 1431 igitur
1146 1355 1180 1410 et
1195 1346 1322 1431 optinet
1343 1367 1363 1409 a
1382 1345 1516 1411 domino
1531 1367 1590 1409 suo

393 1466 454 1530 pro
469 1449 602 1515 donario
619 1449 689 1514 sine
709 1451 842 1514 nomine
866 1450 999 1514 donum.
1042 1447 1173 1513 Juravit
1191 1469 1259 1527 rex,
1278 1457 1313 1513 et
1327 1449 1480 1534 poenituit
1503 1471 1589 1528 eum,

395 1549 471 1633 quia
498 1574 566 1616 non
588 1553 710 1637 juravit
738 1553 914 1617 Dominus.
974 1551 1035 1616 Illa
1061 1550 1233 1615 subintulit
1254 1561 1293 1615 ut
1316 1550 1477 1617 Gelonem
1499 1551 1590 1618 fateri

394 1652 490 1717 iaciat
512 1665 619 1721 stante
645 1677 757 1719 mensa
776 1675 948 1740 coramque
970 1653 1250 1719 discumbentibus
1272 1654 1352 1719 illud
1378 1676 1501 1720 arcente
1523 1677 1591 1720 me·

395 1753 561 1826 (litationis
576 1757 778 1822 involucrum
794 1758 881 1843 quod
896 1758 979 1822 olam
989 1779 1099 1822 secum
1109 1756 1310 1823 volutaverat
1323 1766 1394 1824 tota
1407 1757 1590 1824 refectionis

395 1856 486 1921 bora.
529 1859 699 1944 Expalluit
721 1881 789 1940 rer,
804 1871 838 1925 et
856 1860 1028 1940 inhorruit,
1042 1869 1077 1925 et
1102 1860 1292 1925 contristata
1311 1869 1362 1924 est
1386 1859 1428 1925 ab
1452 1871 1592 1947 utroque

394 1961 535 2026 termino
554 1984 677 2028 mensa.
723 1964 794 2028 Proe
816 1963 940 2028 crateris
962 1972 1073 2028 tamen
1093 1962 1246 2028 condolet
1268 1961 1388 2028 Galoni
1408 1964 1591 2050 praecipuus

394 2065 465 2149 ejus
480 2075 605 2131 amator
626 2066 756 2146 Sadius,
777 2076 812 2131 et
833 2066 958 2152 primus
973 2075 1044 2130 crat
1057 2074 1135 2132 vota
1159 2067 1289 2131 mutari.
1334 2066 1405 2131 Rex
1418 2074 1527 2131 autem
1540 2067 1592 2132 in·

395 2169 518 2252 provisi
543 2169 706 2255 poenitens
736 2169 923 2254 juramenti,
948 2169 1082 2233 tertium
1106 2189 1142 2233 se
1162 2168 1262 2233 sentit
1285 2169 1478 2234 innominati
1501 2190 1591 2234 reum

393 2271 557 2355 promissi.
602 2273 739 2338 Videres
753 2272 978 2338 confusionem
995 2271 1138 2337 Herodis
1153 2280 1187 2336 et
1208 2271 1379 2337 saltatricis
1392 2273 1591 2354 instantiam,

395 2374 511 2440 Phoebi
532 2374 683 2441 ruborem
707 2384 741 2440 et
764 2375 977 2441 obstinaciam
993 2374 1195 2455 Phaetontis,
1209 2375 1293 2460 regis
1314 2375 1412 2461 hujus
1428 2376 1591 2461 angustias

394 2486 430 2541 et
453 2479 571 2564 reginae
605 2478 723 2545 deliros
748 2477 901 2564 impetus.
953 2479 1058 2542 Totus
1087 2488 1159 2542 orat
1187 2499 1357 2562 procerum
1386 2487 1488 2543 caetus
1517 2501 1591 2545 cum

397 2577 524 2646 Galone
546 2582 658 2646 mitius
682 2582 745 2666 agi,
759 2582 880 2646 frustra
893 2591 1023 2660 tameu3
1046 2580 1121 2666 quia
1134 2581 1266 2666 penitus
1280 2580 1422 2646 intendit
1435 2581 1591 2647 ultionem

396 2683 546 2768 degeneri
561 2706 695 2770 prorsus
709 2684 869 2750 incumbit
882 2684 1025 2771 incepto,
1046 2680 1214 2749 victoriam
1229 2705 1321 2748 suam
1335 2694 1490 2769 reputans
1505 2683 1592 2770 quod

396 2785 559 2871 apropria
573 2788 714 2852 vincitur
727 2787 784 2852 ira.
830 2787 1011 2852 Procaciter
1032 2786 1130 2871 igitur
1154 2785 1256 2850 instat
1275 2787 1430 2852 infrunita
1450 2787 1591 2867 foemina,

395 2889 487 2972 quasi
502 2888 601 2953 decus
615 2890 685 2974 ejus
701 2910 742 2953 ex
758 2888 914 2954 dedecore
928 2889 989 2954 viri
1008 2889 1149 2974 pendeat
1162 2888 1356 2955 innocentis.
1401 2888 1487 2955 Galo
1501 2891 1591 2957 sedet

395 2989 563 3070 immotus,
577 3001 612 3055 et
629 2992 704 3077 quia
718 2991 839 3057 nullius
860 3013 958 3058 noxas
979 2991 1128 3057 conscius
1144 3000 1205 3070 est,
1218 2991 1324 3056 nullas
1340 2993 1435 3057 timet
1448 2993 1591 3075 insidias,

395 3113 457 3157 neo
471 3092 549 3177 quid
563 3104 676 3178 agatur
690 3094 841 3160 advertit.
882 3095 937 3159 Ad
952 3094 1181 3160 excitationem
1195 3094 1327 3160 tandem
1343 3095 1432 3161 Sadii
1447 3097 1592 3182 suspicit,

395 3203 430 3260 et
444 3196 584 3282 suspirio
606 3197 850 3262 meditationem
865 3197 1005 3263 absolvit
1019 3197 1188 3277 altissimo,
1204 3196 1321 3262 dehinc
1341 3198 1460 3282 reginae
1481 3220 1591 3284 preces

396 3309 430 3364 et
438 3321 630 3365 concessum
641 3301 724 3386 regis
736 3299 871 3366 edoctus
879 3300 1072 3386 ingemiscit,
1081 3299 1274 3386 veniamque
1282 3300 1366 3386 petit
1376 3301 1592 3381 narrantibus,

395 3415 430 3468 et
443 3413 520 3488 post
533 3404 648 3488 longos
662 3403 856 3468 instantium
876 3403 1020 3470 virorum
1039 3415 1073 3468 et
1094 3403 1242 3488 negantis
1261 3403 1402 3468 loeminre
1424 3404 1593 3470 conflictus

394 3505 509 3593 incipit
523 3515 557 3571 et
571 3507 627 3586 ait,
654 3511 676 3546 “
686 3507 785 3571 Anno
805 3507 873 3592 jam
898 3506 1057 3586 revoluto,
1073 3506 1126 3571 die
1151 3505 1372 3583 Pentecostes,
1396 3505 1524 3572 diutino
1548 3507 1594 3572 ie-

393 3608 500 3674 brium
516 3610 629 3675 ardore
644 3609 809 3689 decoctus,
823 3609 911 3695 apud
923 3609 1075 3674 Salonam
1090 3609 1124 3672 in
1140 3609 1224 3673 lecto
1234 3606 1386 3673 sedebam
1395 3608 1593 3693 egritudinis

395 3711 510 3797 quinto
527 3711 579 3776 die
593 3721 670 3797 post
681 3711 854 3790 creticum3
868 3711 952 3776 festa
966 3711 1118 3789 luxerat,
1132 3710 1273 3796 fessique
1286 3709 1451 3775 laboribus
1462 3718 1496 3776 et
1506 3711 1593 3778 tedio

396 3815 549 3880 custodes
583 3813 649 3880 mei
674 3836 750 3880 cum
781 3813 904 3899 reliqua
925 3811 1047 3877 familia
1075 3811 1264 3877 solennibus
1291 3812 1379 3878 ludis
1407 3813 1594 3879 intererant

398 3915 530 3982 Civitati
553 3916 661 4002 egredi
684 3914 855 4001 cupiebam
880 3924 1034 3993 armatus,
1058 3913 1146 3980 vires
1176 3935 1275 3994 meas,
1300 3935 1421 4000 equum
1449 3924 1483 3980 et
1507 3937 1594 3980 arma

396 4023 544 4097 tentare3
558 4017 691 4083 loricam
705 4016 808 4096 indui,
822 4015 959 4100 galeam,
969 4024 1003 4081 et
1016 4036 1105 4080 arma
1118 4015 1200 4079 mihi
1209 4015 1264 4080 vix
1279 4015 1399 4102 aptavi,
1410 4026 1527 4084 caetera
1540 4018 1594 4082 de·

396 4117 472 4184 bilis
493 4139 603 4200 eram3
625 4137 747 4204 equrm
771 4115 904 4183 ascendi
928 4115 1142 4184 desuetudine
1166 4117 1233 4184 mei
1257 4118 1412 4205 pinguem
1437 4129 1472 4186 et
1493 4131 1593 4206 magis
