3608 4862
401 541 464 599 100
786 585 790 594 .
831 549 1018 596 ausuram
1032 529 1165 593 'maras
1414 543 1535 608 [undae.
1547 543 1588 596 113

401 709 483 784 esse,
508 705 672 771 divertens
692 709 805 769 'tamen
829 701 1004 788 adipsum
1027 699 1177 786 quaesivit
1190 697 1325 762 ubinam
1340 706 1427 764 esset
1445 717 1514 764 rex.
1558 695 1605 760 At

402 809 589 874 Lodovicus
605 829 640 874 se
655 809 757 874 celare
771 807 896 886 volens,
911 806 967 886 ait,
1003 809 1025 842 “
1036 805 1077 868 In
1092 802 1220 868 modico
1229 801 1282 867 hic
1292 802 1386 880 erit,’'
1398 822 1536 887 cumque
1548 800 1605 866 de·

403 913 583 977 scendisset
603 911 708 991 miles,
728 932 898 996 assurgens
914 909 944 974 ei
965 930 1024 973 rex
1048 930 1066 972 e
1093 907 1220 971 diverso
1247 904 1310 969 sibi
1334 905 1470 969 scansile
1496 903 1604 970 tenuit

403 1024 441 1076 ut
452 1036 524 1079 mos
534 1023 597 1094 est,
608 1016 686 1079 sella
700 1036 742 1078 ne
752 1021 908 1098 vergeret,
919 1011 1099 1096 vidensque
1109 1009 1245 1073 militem
1257 1007 1447 1093 longissimo
1459 1007 1602 1072 cinctum

402 1116 520 1201 gladio,
534 1117 629 1202 petiit
644 1116 707 1182 sibi
721 1115 861 1196 ostendi,
876 1136 1014 1200 cumque
1029 1113 1199 1178 miraretur
1213 1111 1468 1196 magnitudinem
1484 1119 1518 1175 et
1540 1110 1605 1174 for·

403 1243 491 1284 mam
506 1220 603 1306 gladii
619 1243 715 1306 quem
729 1220 856 1284 nudum
871 1218 1013 1297 tenebat,
1029 1217 1150 1282 oblitus
1169 1215 1347 1300 propositae
1362 1214 1540 1293 celationis,
1554 1234 1605 1277 rc-

402 1323 517 1408 galiter
541 1323 597 1403 ait,
627 1323 748 1388 “Affer
776 1320 858 1386 mihi
886 1318 1028 1406 lapidem
1056 1326 1095 1382 ut
1124 1317 1286 1382 sedeam.''
1331 1317 1456 1381 Franco
1486 1317 1606 1381 timens

403 1424 556 1508 gladium,
582 1422 703 1502 attulit,
728 1432 763 1487 et
787 1422 918 1508 repetiit
941 1442 1064 1500 ensem,
1090 1428 1280 1505 tenensque,
1302 1419 1463 1498 “Rosea''
1489 1418 1606 1502 inquit,

405 1527 581 1613 “lapidem
595 1527 631 1591 in
652 1527 761 1592 locum
785 1525 914 1590 suum?
958 1525 1041 1603 Rex,
1064 1545 1138 1588 cum
1164 1523 1301 1588 vidisset
1323 1543 1435 1587 ensem
1451 1530 1605 1599 erectum,

404 1629 515 1694 timuit
529 1641 563 1694 et
576 1629 697 1695 retulit.
742 1628 788 1692 Et
802 1650 862 1712 ego
886 1626 980 1692 robis
1005 1648 1044 1690 ex
1070 1627 1133 1692 hoc
1155 1626 1242 1691 facto
1266 1626 1399 1691 notifico
1414 1625 1513 1690 fidem
1528 1624 1606 1688 Wa-

405 1732 556 1811 lensium,
572 1733 660 1816 quod
674 1732 753 1794 dum
768 1729 921 1794 tenebitis
937 1750 1048 1794 ensem
1064 1728 1304 1814 supplicabunt,
1326 1752 1401 1794 cum
1416 1729 1480 1814 ipsi
1494 1737 1606 1792 muue-

406 1836 473 1899 rint
486 1835 704 1920 imperabunt.
741 1834 788 1899 Et
800 1843 839 1898 ut
853 1833 973 1919 aliquid
984 1834 1092 1898 sciatis
1107 1855 1171 1918 quo
1188 1833 1313 1898 Franco
1326 1831 1502 1912 devenerit,
1516 1852 1573 1895 rex
1587 1852 1607 1892 a

408 1937 475 2002 suis
500 1937 653 2002 inventus
677 1936 789 2001 statim
816 1935 953 2000 retinuit
981 1956 1056 1998 eum
1085 1935 1241 2020 pavidum
1270 1945 1304 2000 et
1329 1934 1506 2019 lugientem
1531 1955 1606 1997 cum

407 2063 523 2125 magara
536 2040 643 2119 laude,
659 2039 725 2104 suis
748 2039 890 2103 referens
913 2059 1010 2123 quam
1032 2037 1134 2123 probe
1156 2060 1316 2123 quamque
1332 2039 1434 2101 facete
1449 2034 1609 2121 coegisset

406 2165 481 2208 eum
496 2143 614 2207 referre
635 2142 788 2228 lapidem,
804 2150 838 2206 et
861 2140 951 2205 dedit
965 2161 1041 2206 eum
1065 2139 1238 2226 Crespium
1259 2141 1294 2204 in
1312 2139 1442 2206 Valesio
1456 2140 1491 2204 in
1506 2139 1609 2204 hoere-

407 2246 555 2311 ditatam.
600 2245 641 2309 In
655 2245 770 2331 rapina
784 2254 817 2310 et
832 2245 918 2308 furto
933 2244 1035 2328 gloria
1048 2244 1263 2323 Walensium,
1279 2253 1312 2309 et
1326 2244 1406 2308 adeo
1422 2243 1469 2307 eis
1484 2253 1610 2306 utrum-

408 2371 470 2434 que
485 2349 601 2434 placet,
616 2358 655 2412 ut
668 2347 900 2434 improperium
913 2346 955 2410 sit
969 2346 1036 2412 filio
1053 2346 1081 2411 si
1095 2355 1187 2432 pater
1202 2347 1272 2412 sine
1282 2347 1415 2412 vulnere
1426 2344 1611 2411 decesserit.

406 2452 507 2516 Unde
518 2451 558 2518 fit
570 2461 610 2516 ut
623 2451 718 2538 pauci
730 2461 912 2516 canescant.
959 2449 1170 2515 Proverbium
1181 2449 1226 2514 ibi
1239 2459 1299 2531 est,
1311 2450 1333 2514 J
1335 2449 1447 2514 uvenis
1460 2457 1609 2514 mortuus

408 2563 466 2619 aut
488 2576 589 2620 senex
611 2577 746 2640 pauper,
773 2553 895 2619 scilicet
917 2561 955 2617 ut
981 2552 1046 2618 cito
1072 2553 1207 2639 quisque
1231 2553 1266 2616 in
1292 2561 1430 2618 mortem
1444 2552 1546 2618 irruat
1568 2572 1610 2616 ne

408 2678 506 2722 senex
520 2656 694 2722 mendicet.

734 2831 784 2892 De
802 2829 927 2893 Cerauno
941 2831 1008 2894 sinc
1016 2850 1147 2912 pavore.
1191 2829 1293 2894 xxiiii.

456 2947 612 3012 Conanus
625 2947 694 3013 sine
709 2968 839 3032 pavore,
855 2947 901 3012 sic
912 2947 1019 3012 dictus
1031 2949 1105 3033 quia
1116 2970 1276 3033 nusquam
1288 2947 1469 3034 obstupuit,
1482 2945 1611 3033 vispilio

412 3052 542 3135 duxque
564 3051 738 3131 latronum,
764 3051 901 3115 militem
928 3073 1025 3136 super
1049 3051 1219 3116 Sabrinam
1236 3060 1423 3116 manentem
1447 3049 1483 3114 in
1499 3050 1611 3114 Glem-

412 3175 545 3238 norgan,
560 3152 667 3218 virum
682 3162 851 3218 strenuum
873 3164 907 3219 et
926 3152 1159 3234 abundantem,
1179 3153 1316 3239 spoliare
1340 3153 1485 3239 cupiens,
1507 3175 1612 3238 egres·

412 3279 469 3321 sus
492 3267 543 3321 est
569 3256 658 3321 solus
680 3279 796 3322 nemus
817 3260 905 3343 quod
927 3258 989 3322 toti
1003 3257 1126 3322 eminet
1146 3257 1332 3342 provincia,
1347 3257 1451 3321 multa
1465 3279 1564 3321 manu
1577 3256 1612 3320 in

412 3381 546 3425 nemore
561 3357 760 3439 abscondita,
776 3359 957 3445 struxitque
972 3359 1138 3424 innocenti
1153 3359 1284 3424 nocivas
1299 3358 1452 3440 insidias;
1475 3381 1613 3444 cumque

413 3464 498 3530 circa
522 3483 691 3548 vesperam
717 3463 854 3528 vidisset
877 3463 1014 3528 militem
1038 3461 1079 3525 ad
1104 3461 1238 3526 domum
1265 3462 1412 3547 praedicti
1440 3484 1613 3548 properare

414 3567 526 3632 militis
541 3576 576 3631 et
589 3567 757 3652 praemisso
772 3589 874 3653 puero
896 3566 937 3631 ab
959 3565 1032 3652 ipso
1046 3565 1081 3629 in
1102 3565 1267 3650 hospitem
1281 3563 1390 3651 recipi,
1405 3587 1554 3631 reversus
1569 3567 1615 3633 ait

415 3669 511 3737 sociis
523 3669 603 3749 suis,
618 3673 639 3706 “
652 3670 857 3755 Huncquem
868 3669 1018 3755 cupimus
1028 3669 1212 3753 depraedare
1227 3668 1363 3732 militem
1372 3668 1512 3734 residere
1523 3670 1616 3735 decet

414 3774 449 3838 in
464 3795 555 3859 pace,
581 3772 725 3858 suscepit
738 3771 826 3836 enim
848 3771 991 3858 hospitio
1014 3771 1150 3835 militem
1166 3770 1221 3856 qui
1237 3769 1298 3835 sub
1314 3772 1447 3836 nomine
1462 3771 1613 3852 caritatis,

415 3887 454 3940 ut
467 3885 652 3940 nostratum
675 3883 727 3938 est
750 3896 833 3954 mos,
855 3873 936 3938 illud
959 3874 1064 3959 petiit,
1087 3873 1249 3960 habetque
1276 3895 1387 3939 seeum
1401 3875 1565 3960 hospitem
1579 3873 1614 3938 in

416 3979 488 4062 ipso
504 3978 602 4042 domo
614 3986 727 4042 uonna
742 3997 838 4061 quem
854 3975 960 4040 omnis
976 3985 1027 4041 est
1040 3975 1134 4063 inpar
1148 3977 1366 4063 congressio.’'
1412 3977 1616 4042 Attolluntur

416 4080 451 4143 in
474 4079 583 4165 ipsum
606 4079 647 4143 ad
672 4079 743 4144 hac
764 4078 864 4146 verba
884 4080 996 4146 vultus
1013 4089 1047 4145 et
1068 4080 1232 4146 irrisiones
1254 4081 1412 4162 omnium,
1428 4079 1617 4158 dicentium,
