3650 4852
299 523 437 590 Qua]
668 519 716 566 na
739 519 851 568 soors
874 521 1100 569 onnrnnrmr.
1439 511 1480 569 83

281 675 411 754 comite,
441 694 538 759 quam
568 671 643 756 quia
669 670 805 757 cupidus
830 673 937 738 omnis
962 673 1073 760 abigit,
1106 673 1292 760 magistram
1322 673 1482 740 virtutum

280 778 401 862 abjicit,
423 785 457 841 et
479 798 608 840 avaram
633 775 734 860 adigit
755 798 774 840 a
793 775 946 841 vitiorum
967 777 1040 841 lacu
1062 777 1256 862 superbiam,
1279 777 1387 842 eonati
1401 787 1481 843 sunt

279 881 375 945 multi
390 902 465 944 cum
488 879 555 943 suis
580 878 702 942 ordinis
728 889 952 964 paupertatem
978 880 1124 960 evadere,
1147 881 1239 966 quasi
1260 882 1371 966 fugata
1395 880 1480 966 fugit

279 981 446 1047 humilitas
457 1007 468 1060 ;
489 982 641 1067 princeps
661 982 753 1046 adest
776 982 936 1067 superbus
955 982 990 1046 in
1013 982 1147 1062 divitiis,
1169 1006 1266 1068 quem
1287 983 1420 1048 humilis
1443 984 1478 1047 in

278 1095 469 1171 paupertate
498 1084 618 1148 Jhesus
641 1084 778 1169 ejecerat
798 1084 897 1163 foras,
922 1084 1067 1169 quinon
1092 1086 1183 1150 venit
1208 1086 1250 1150 ad
1276 1087 1418 1171 Helyam
1442 1084 1479 1148 in

279 1197 378 1252 vento
393 1197 501 1273 petras
516 1195 715 1266 conterente,
738 1207 799 1252 nec
820 1187 856 1250 in
879 1196 1077 1266 terraemotu,
1102 1209 1163 1254 nec
1188 1189 1222 1252 in
1248 1189 1332 1273 igne,
1359 1187 1417 1252 sed
1441 1187 1477 1251 in

276 1289 357 1356 levis
373 1312 458 1356 auru
473 1289 599 1368 sibilo‚*
615 1310 710 1373 quem
729 1289 764 1354 in
786 1288 877 1354 omni
899 1287 1058 1354 desiderio
1079 1289 1242 1376 praedictis
1264 1290 1397 1376 abjectis
1419 1311 1476 1353 ex·

277 1392 428 1476 pectabat
442 1400 476 1456 et
490 1389 663 1476 expetebat
672 1390 815 1476 Helyas3
831 1389 886 1454 illa
900 1400 1139 1476 processerunt,
1154 1414 1222 1457 non
1236 1401 1346 1457 tamen
1360 1393 1396 1455 in
1410 1391 1474 1455 illis

277 1494 462 1560 Dominus:
485 1513 563 1556 aura
577 1490 743 1569 successit,
751 1490 786 1555 in
800 1491 854 1555 illa
868 1493 1045 1558 Dominus.
1081 1492 1188 1558 Nobis
1203 1493 1238 1558 in
1253 1493 1373 1559 nostris
1388 1492 1475 1557 ordi·

276 1595 373 1661 nibus
385 1617 461 1659 aura
468 1593 666 1679 proceditin
675 1593 746 1678 ipsa
754 1592 933 1674 Dominum
946 1593 1188 1680 subsequuntur
1196 1605 1306 1660 antem
1314 1592 1473 1679 inquibus

275 1721 344 1764 non
358 1705 409 1763 est
423 1696 586 1761 Dominus
601 1695 785 1779 templares,
800 1694 840 1759 de
855 1695 973 1779 quibus
987 1696 1041 1761 hic
1056 1718 1162 1762 sermo
1188 1697 1297 1783 coepit,
1312 1718 1409 1782 quem
1431 1717 1472 1760 ex

277 1800 391 1866 officiis
407 1797 553 1863 suscitari
567 1795 709 1881 praelatis
724 1804 758 1860 et
771 1796 900 1881 regibus
914 1798 1086 1880 habentur,
1101 1810 1135 1865 et
1149 1799 1273 1865 honore
1287 1799 1472 1884 principum

276 1902 412 1990 provide
435 1906 549 1965 curant
582 1919 624 1962 ne
650 1897 778 1962 deficiat
811 1899 898 1965 unde
920 1900 1146 1981 sublimentur,
1171 1902 1199 1965 si
1224 1901 1473 1966 reminiscantur

276 2013 310 2069 et
320 2009 549 2068 convertantur
558 1999 599 2063 ad
608 1998 941 2088 Dominum:universi
955 2003 1037 2066 fines
1048 2012 1151 2083 terroe,
1163 2003 1257 2087 juxta
1267 2004 1474 2088 prophetam,

278 2105 367 2174 Quid
380 2104 454 2191 ipsi,
466 2104 494 2167 si
507 2125 572 2188 pax
585 2102 721 2184 venerit,
736 2124 801 2188 qno
816 2102 966 2169 deveniet
978 2103 1126 2189 gladius?
1165 2104 1282 2168 Pacem
1296 2103 1359 2168 hoc
1374 2102 1473 2167 modo

275 2209 398 2276 cavisse
413 2206 531 2272 dicitur
544 2205 632 2270 olim.

557 2380 608 2442 De
615 2379 688 2461 filio
703 2377 893 2459 solidompni
906 2378 1088 2442 Balilonioe.
1132 2375 1199 2440 xxi.

319 2499 394 2565 Hiis
414 2505 501 2562 retro
519 2517 586 2560 non
601 2503 710 2560 tamen
725 2494 823 2579 longe
838 2495 951 2562 dicbus
967 2493 1220 2573 Nassaradinus,
1243 2490 1330 2557 filius
1346 2491 1472 2572 Abeaii,

271 2600 469 2685 solidompni
483 2597 728 2676 Babiloniae‚†a
753 2596 910 2662 militibus
932 2597 1045 2683 templi
1068 2595 1203 2662 Domini
1225 2603 1339 2679 captus
1365 2604 1399 2659 et
1421 2595 1472 2658 in-

271 2712 450 2772 carceratus
471 2709 533 2780 est,
554 2699 604 2764 vir
624 2697 753 2782 gentilis
779 2721 816 2764 ac
840 2709 955 2764 caetera
977 2697 1173 2764 clarissimus
1195 2715 1322 2781 genere,
1346 2696 1471 2776 militia,

270 2807 382 2886 literis,
397 2814 431 2870 et
445 2802 544 2868 animi
558 2801 688 2866 virtute.
735 2801 800 2866 Hic
814 2823 889 2866 oum
915 2801 1021 2865 adhuc
1045 2799 1134 2864 domi
1156 2819 1235 2862 suus
1257 2808 1355 2878 esset,
1381 2821 1471 2883 mag-

272 2932 349 2974 nam
373 2906 515 2972 habebat
540 2905 580 2970 de
603 2904 668 2969 fide
683 2913 796 2969 nostra
817 2913 851 2968 et
876 2925 989 2968 eorum
1012 2901 1174 2968 erroribus
1201 2900 1468 2985 disputationem,

269 3012 448 3095 vidensque
476 3030 553 3074 suos
582 3008 665 3072 ritus
687 3007 769 3071 nihil
789 3005 909 3071 habere
930 3005 1138 3070 firmitudinis
1161 3013 1218 3068 aut
1245 3001 1332 3082 fidei,
1356 3003 1468 3069 Chris·

269 3113 412 3180 tianismi
427 3110 613 3199 religionem
629 3109 761 3188 adisset,
784 3108 812 3172 si
826 3129 893 3172 non
908 3107 1068 3172 nobilium
1089 3103 1270 3171 reverentia
1294 3114 1466 3190 parentum

269 3215 460 3281 obstitisset.
505 3211 654 3295 Cumque
668 3210 732 3275 hoc
746 3209 808 3272 hiis
824 3209 879 3294 qui
894 3230 969 3273 eum
984 3209 1139 3275 tenebant
1160 3208 1195 3272 in
1209 3206 1347 3272 vinculis
1370 3208 1466 3274 inno-

266 3325 404 3384 tesceret
422 3316 549 3400 exejus
571 3313 736 3392 relatione,
751 3333 818 3377 non
839 3311 936 3376 modo
958 3335 1026 3379 non
1048 3311 1264 3388 crediderunt,
1287 3308 1346 3374 sed
1367 3311 1465 3376 etiam

264 3419 427 3505 baptisma
447 3417 572 3503 petenti
595 3415 684 3481 surdi
708 3414 785 3479 facti
811 3423 898 3479 sunt.
942 3413 1133 3499 spondebat
1154 3412 1201 3478 eis
1225 3412 1463 3479 Nassaradinus

265 3520 471 3588 Babiloniam
498 3519 624 3598 urbem,
650 3517 773 3582 scilicet
796 3537 863 3580 sum
885 3514 1074 3589 nativitatis,
1105 3513 1172 3578 suis
1197 3511 1322 3575 viribus
1345 3522 1379 3576 et
1402 3534 1463 3576 suo

262 3621 400 3692 oonsilio
415 3619 613 3704 conquirere,
628 3616 806 3682 dummodo
820 3616 930 3700 ipsum
950 3613 1107 3699 baptizari
1126 3612 1364 3698 promitterent.
1409 3613 1463 3678 Illi

296 3758 312 3792 ⁸
329 3755 373 3806 111
384 3755 447 3817 Reg.
463 3755 513 3804 xix.
526 3754 554 3803 il.
566 3753 633 3802 Ecca
645 3749 769 3801 Dominus
780 3755 847 3800 ban-
881 3756 907 3801 at
923 3755 982 3815 post
997 3749 1188 3800 commotionem
1207 3749 1287 3811 ignis:
1305 3763 1356 3797 non
1367 3749 1395 3797 in
1404 3748 1463 3811 igne

263 3839 307 3899 rit,
318 3842 344 3888 at
355 3837 457 3902 spiritns
468 3834 568 3900 grandia
578 3838 604 3883 et
614 3833 687 3882 fortia
702 3832 847 3882 subvertens
881 3832 1013 3890 Dominus,
1018 3837 1045 3879 at
1051 3835 1109 3893 post
1117 3831 1198 3892 ignem
1206 3829 1292 3879 sibilus
1300 3844 1365 3880 aurae
1372 3831 1463 3882 tennis.

263 3925 361 3972 montes
370 3924 395 3969 at
403 3923 532 3968 conterens
539 3921 622 3980 petras
630 3920 687 3964 anta
695 3913 845 3964 Dominum:
910 3916 930 3970 †
946 3911 1007 3961 'l'hia
1018 3911 1158 3962 incidentis
1168 3911 1261 3962 related
1271 3913 1321 3963 lesa
1331 3912 1403 3976 fully,
1414 3913 1461 3964 bnt

262 4017 314 4053 non
325 4003 352 4051 in
368 4001 457 4066 spiritu
475 4000 607 4058 Dominus,
619 4003 645 4047 et
661 4001 720 4060 port
731 3995 845 4060 spiritum
878 3994 938 4044 with
955 3993 1028 4043 other
1046 3993 1245 4054 circumstances,
1265 3993 1299 4058 by
1312 3994 1422 4044 William
1433 3995 1463 4045 ol

261 4085 410 4135 commotio:
428 4098 480 4133 non
489 4083 517 4132 in
528 4079 695 4132 commotione
709 4077 845 4138 Dominus,
876 4077 950 4142 Tyra,
963 4073 1030 4127 Hist.
1043 4075 1088 4126 lib.
1100 4076 1169 4138 xviii,
1180 4091 1203 4128 a.
1215 4079 1240 4130 9.
1251 4077 1292 4128 ed.
1304 4075 1426 4140 Bongarr.

305 4184 419 4232 GAMD·
435 4185 510 4232 800.
1289 4179 1310 4224 1‘
