3608 4862
395 533 458 594 132
823 545 1011 592 concrum
1035 545 1157 591 uanus
1397 545 1517 610 [noane.
1531 549 1583 599 111.

397 724 533 780 coruunt
558 714 744 800 lachrymis,
770 722 873 778 totam
895 714 973 777 facit
993 712 1209 778 securitatem.
1254 711 1315 776 Ille
1331 712 1510 779 desiderata
1524 723 1601 780 vota

396 817 616 903 complectens
626 817 876 903 allaehrymatur
887 815 927 894 ei,
935 826 967 881 et
978 815 1189 880 notatisverae
1198 814 1274 880 fidei
1284 815 1394 881 multis
1403 817 1601 901 argumentis

393 922 499 1007 rigore
515 920 640 985 mollito
660 943 680 984 a
693 921 763 984 viro
778 918 917 1005 pristino
932 918 1069 982 defluxit
1087 918 1121 982 in
1144 917 1305 997 uxorium,
1321 920 1390 1004 jam
1409 919 1490 984 nihil
1504 922 1600 984 unico

398 1035 431 1090 et
446 1024 571 1111 optimo
587 1023 689 1088 credit
703 1022 781 1101 filio,
804 1022 905 1086 immo
925 1021 995 1106 ipse
1011 1043 1085 1085 cum
1100 1021 1253 1106 praeclam
1267 1021 1388 1085 familia
1413 1044 1471 1086 sua
1486 1021 1600 1106 coeptis

397 1129 467 1212 ejus
482 1125 653 1206 addicitur,
680 1124 831 1211 quicquid
854 1133 905 1188 est
930 1121 1105 1208 appetibile
1120 1123 1230 1186 manui
1253 1144 1321 1188 suae
1348 1122 1527 1208 subjicitur,
1542 1146 1602 1190 nec

397 1239 499 1295 restat
514 1230 601 1315 quod
616 1229 688 1314 ipsa
713 1227 872 1293 desiderio
899 1248 959 1291 suo
986 1226 1146 1311 dignetur.
1189 1226 1338 1290 Adduxit
1352 1227 1382 1290 ei
1397 1227 1534 1311 quadam
1550 1227 1602 1292 die

397 1355 490 1397 casus
520 1330 743 1396 admirabilem
779 1352 853 1395 cum
884 1329 1026 1393 maximo
1055 1328 1212 1393 comitatu
1239 1329 1378 1394 militum
1409 1328 1450 1392 ad
1475 1331 1602 1414 januas,

398 1457 494 1522 quem
511 1436 598 1499 Raso
614 1456 722 1498 coram
738 1454 797 1496 sua
820 1432 912 1518 quasi
926 1453 1044 1517 procus
1071 1431 1177 1496 adhuc
1201 1441 1267 1496 tam
1291 1431 1405 1496 acriter
1425 1431 1544 1495 invasit
1565 1442 1603 1496 ut

396 1537 487 1602 nullo
508 1537 614 1623 possit
635 1537 725 1622 argui
751 1535 929 1600 senectutis
953 1534 1173 1600 incommodo.
1218 1534 1345 1620 Captus
1366 1544 1417 1600 est
1441 1543 1550 1599 autern
1566 1556 1603 1600 ea

398 1641 449 1705 die
465 1663 523 1705 sua
536 1641 658 1725 filiique
675 1639 726 1703 sui
739 1639 860 1704 virtute
875 1637 1072 1704 admirabilis
1093 1647 1127 1702 et
1149 1639 1377 1718 incarceratus,
1398 1647 1432 1703 et
1454 1637 1554 1702 clavis
1568 1637 1601 1703 in

398 1766 499 1808 manu
533 1743 687 1807 dominae.
733 1740 885 1806 Habebat
906 1742 1013 1806 aetatis
1035 1739 1232 1808 admirabilis
1258 1741 1331 1829 plus
1357 1763 1459 1828 puero
1482 1742 1603 1826 juvene

397 1845 518 1926 minus,
544 1855 675 1930 eratque
700 1843 765 1931 ipsi
792 1854 916 1909 statura
941 1844 1117 1909 nimietatis
1143 1843 1312 1929 utriusque
1340 1845 1457 1923 media,
1486 1867 1602 1931 eorpus

398 1947 517 2028 habile,
541 1948 639 2012 facies
666 1957 825 2034 quantum
849 1947 1015 2014 Sarraceni
1044 1957 1154 2033 potest
1182 1947 1339 2014 amabilis.
1384 1949 1489 2034 Capta
1503 1960 1554 2014 est
1569 1950 1603 2014 in

400 2052 501 2118 oculis
516 2051 587 2137 ejus
600 2053 742 2131 domina,
754 2062 788 2116 et
801 2051 954 2137 quoniam
969 2051 1032 2138 ipsi
1047 2051 1182 2117 facultas
1197 2062 1249 2117 est
1263 2051 1409 2117 omnium
1425 2053 1509 2132 data,
1520 2054 1603 2117 forte

399 2163 514 2240 posset
528 2163 642 2218 votum
657 2153 792 2238 implere
807 2154 848 2219 de
862 2154 957 2232 facili,
969 2154 1008 2218 fit
1022 2153 1129 2218 audax
1145 2176 1186 2219 ex
1199 2155 1339 2235 lieentia,
1355 2156 1444 2221 nulla
1459 2179 1494 2221 se
1509 2157 1603 2221 casti-

399 2258 529 2343 gatione
544 2256 687 2336 cohibet,
703 2255 743 2320 ah
759 2258 831 2343 ipso
848 2266 957 2343 sperat
971 2255 1123 2343 quicquid
1148 2280 1166 2322 a
1182 2279 1259 2322 sene
1275 2257 1394 2338 deficit,
1410 2259 1603 2345 singularem

402 2361 432 2425 ei
447 2382 605 2426 carcerem
615 2361 692 2424 facit
705 2360 914 2425 tenebrosum
929 2368 963 2424 et
977 2361 1106 2439 fortem,
1116 2370 1150 2424 et
1165 2381 1255 2426 zonae
1267 2360 1389 2426 clavem
1399 2363 1469 2446 ejus
1484 2384 1606 2448 appen-

401 2465 450 2529 dit
464 2465 614 2551 propriae,
630 2464 830 2529 districtione
846 2464 992 2530 ciborum
1014 2477 1048 2529 et
1062 2474 1160 2548 potus
1176 2464 1340 2549 captivum
1361 2465 1502 2545 conficit,
1517 2475 1551 2530 et
1571 2465 1605 2529 id

400 2566 566 2631 modicum
582 2590 647 2653 quo
663 2567 820 2632 utendum
847 2567 877 2632 ei
893 2576 1043 2632 censetur
1057 2587 1116 2650 per
1130 2566 1304 2629 fenestram
1324 2575 1363 2630 ut
1376 2589 1452 2631 urso
1467 2567 1604 2654 projicit

402 2669 577 2735 Neminem
593 2669 716 2755 patitur
730 2671 882 2735 accedere
904 2669 996 2755 quasi
1018 2667 1098 2732 nulli
1124 2668 1221 2733 fidem
1247 2667 1376 2750 habeat,
1399 2670 1504 2735 sciens
1520 2671 1605 2756 quod

401 2773 507 2837 omnis
523 2771 674 2859 superbia
690 2773 773 2836 fame
789 2773 949 2850 domatur,
965 2783 998 2837 et
1013 2771 1102 2857 quod
1118 2772 1204 2836 Raso
1220 2793 1288 2836 suae
1303 2772 1406 2838 credit
1419 2773 1603 2858 impensum

403 2874 553 2939 fidelitati
566 2875 601 2938 in
616 2875 806 2959 injuriosam
820 2874 883 2960 ipsi
899 2874 985 2940 cedit
1006 2873 1185 2939 libidinem.
1231 2874 1392 2957 Creditur,
1412 2886 1446 2941 et
1459 2876 1606 2942 laudatur

405 2977 461 3062 qui
484 2977 596 3056 credit,
620 2986 654 3042 et
678 2977 787 3042 laudat
799 3004 809 3059 3
843 2978 892 3042 vir
918 2977 1048 3058 fallitur,
1069 2999 1130 3042 nec
1157 2977 1284 3058 mirum,
1309 2978 1496 3045 verissimos
1521 2981 1606 3044 enim

404 3102 530 3146 amores
546 3080 698 3167 exprimit
711 3104 794 3147 uxor
818 3083 999 3169 hypocrita.
1043 3082 1183 3147 Securus
1199 3081 1267 3146 exit
1281 3082 1321 3145 ad
1336 3083 1561 3168 expeditiones
1576 3094 1608 3148 et

405 3183 515 3272 praelia
529 3185 627 3263 Raso,
643 3192 676 3248 et
692 3183 754 3248 sibi
768 3206 808 3250 ex
824 3185 888 3250 fide
902 3185 1117 3270 uxorisdomi
1131 3185 1260 3250 videtur
1274 3207 1345 3251 esse
1360 3186 1440 3250 dum
1454 3187 1532 3250 foris
1548 3196 1607 3251 est.

406 3289 512 3353 Nacta
530 3287 628 3374 igitur
642 3287 823 3354 libertatem
838 3289 925 3373 lupa,
941 3289 1100 3374 susceptis
1124 3289 1165 3353 ad
1179 3310 1322 3354 amorem
1338 3290 1399 3354 sibi
1414 3291 1608 3355 servandum

406 3414 613 3478 quascunque
625 3391 721 3478 jubet
735 3391 951 3471 cautionibus,
977 3413 1075 3476 eques
1090 3413 1165 3456 cum
1190 3393 1369 3458 admirabili
1384 3394 1520 3480 decepta
1535 3417 1608 3459 cus-

406 3493 495 3559 todia
506 3494 589 3558 clam
604 3493 736 3558 recedit.
768 3493 895 3558 Insidet
909 3492 1106 3558 admirabilis
1118 3515 1201 3580 equo
1214 3495 1337 3560 Rasoni
1348 3495 1525 3576 carissimo,
1536 3497 1609 3582 quia

408 3606 442 3662 et
457 3591 583 3680 optimo
600 3605 634 3660 et
648 3595 795 3662 omnium
809 3595 936 3680 impari,
952 3593 1069 3680 quibus
1084 3595 1119 3659 in
1141 3605 1253 3682 optata
1271 3596 1401 3663 civitate
1415 3598 1555 3685 receptis
1569 3597 1607 3663 ad

406 3709 547 3766 castrum
564 3722 660 3763 suum
675 3699 763 3763 Raso
778 3698 949 3764 revertitur
957 3724 966 3778 3
989 3698 1080 3762 audit
1094 3708 1128 3763 et
1143 3699 1242 3781 dolet,
1253 3710 1288 3765 et
1301 3700 1336 3766 in
1350 3701 1414 3766 hoc
1426 3723 1460 3766 se
1470 3700 1608 3766 maxime

407 3801 551 3867 derisum
567 3803 655 3881 dicit,
667 3802 754 3889 quod
772 3811 885 3867 contra
901 3800 1025 3866 fabulas
1040 3812 1074 3867 et
1087 3802 1238 3867 historias
1254 3813 1288 3868 et
1301 3804 1447 3870 omnium
1462 3803 1503 3869 ab
1518 3803 1609 3868 initio

406 3902 540 3967 consilia
563 3903 748 3990 sapientum
772 3923 808 3968 se
822 3903 951 3968 feminae
967 3902 1157 3979 crediderit3
1180 3927 1248 3970 non
1268 3915 1378 3971 tamen
1400 3905 1630 3984 admirabilial

404 4026 472 4069 non
487 4006 609 4085 uxoris,
625 4027 692 4070 non
707 4027 820 4072 eorum
843 4006 896 4090 qui
913 4006 1069 4086 tulerunt,
1086 4007 1142 4072 sed
1166 4009 1267 4072 solius
1289 4010 1364 4095 equi
1385 4011 1545 4095 jacturam
1560 4007 1611 4073 in-

405 4115 581 4192 temperate
596 4108 730 4192 plangit,
746 4131 805 4174 nee
819 4107 877 4175 filii
893 4131 952 4174 nec
967 4109 1096 4176 familiae
1111 4111 1333 4178 consolatione
1347 4111 1498 4178 levatur.
1530 4113 1611 4178 Post
