3608 4862
248 529 313 592 cip.
326 529 368 591 ιι]
649 531 695 575 ns
715 531 825 574 scats
842 530 1068 576 ccarnarcsr.
1378 519 1435 576 121

229 721 290 765 nec
317 698 440 765 celatur
461 697 579 784 quibus
606 706 658 763 est
682 708 740 764 aut
764 699 810 764 ira
833 699 1026 787 propensior
1051 709 1108 766 aut
1131 699 1293 787 profusior
1315 701 1437 769 latitia.

230 804 304 868 Rex
327 811 362 867 et
388 801 439 867 sui
460 801 646 866 desiderant
666 811 710 882 et,
737 813 896 888 quantum
922 803 1000 869 sinit
1026 805 1111 870 datae
1134 805 1315 870 reverentia
1338 806 1437 891 pacis,

228 906 408 991 loquuntur
422 904 557 970 nutibus
572 915 611 970 ut
625 905 659 970 in
671 907 834 990 jacentem
851 906 968 972 Sadius
983 908 1093 974 irruat.
1125 907 1210 973 Galo
1225 917 1334 973 tamen
1346 909 1438 993 justa

227 1008 343 1074 facetia
358 1009 521 1094 dejectum
538 1029 667 1094 surgere
683 1009 831 1094 praecipit
845 1019 879 1074 et
893 1010 935 1074 ad
949 1033 1039 1075 arma
1053 1011 1181 1077 reverti.

273 1110 375 1195 Gigas
384 1109 481 1194 igitur
493 1110 639 1196 exsurgit
648 1109 797 1197 impiger,
809 1121 842 1176 et
853 1112 932 1177 visis
942 1112 1068 1178 dilectae
1080 1133 1147 1177 sura
1162 1111 1304 1178 lacrimis
1318 1113 1433 1177 imme-

228 1235 301 1279 mor
314 1213 449 1278 indultae
465 1213 614 1300 proximo
629 1213 744 1294 venius,
756 1216 825 1299 jam
844 1238 911 1280 non
926 1215 1004 1302 quid
1016 1217 1152 1281 comitas
1169 1225 1226 1280 aut
1237 1218 1327 1301 justa
1342 1215 1434 1281 retri-

227 1316 322 1382 butio
337 1317 439 1382 dictet
452 1317 603 1397 attendit,
618 1319 677 1382 sed
700 1327 771 1383 toto
793 1319 920 1385 fervore
942 1320 1049 1386 cordis
1071 1341 1215 1407 praeceps
1233 1320 1377 1386 defertur
1398 1321 1433 1384 in

227 1419 370 1498 hostem,
392 1419 583 1504 fortiterque
602 1419 808 1485 resistentem
833 1421 1014 1486 durissimis
1040 1423 1173 1487 infestat
1197 1422 1385 1514 assultibus,
1400 1431 1435 1488 et

225 1521 310 1588 bene
324 1531 523 1608 pugnantem
546 1521 629 1588 bene
649 1544 798 1608 pugnans
821 1524 920 1590 efficit
940 1526 1056 1591 hostis.
1100 1525 1237 1592 Elevata
1250 1527 1382 1592 tandem
1398 1527 1431 1591 in

227 1625 330 1690 altum
348 1647 448 1690 manu
469 1625 538 1691 ictu
559 1647 785 1692 consummare
808 1636 914 1692 tentat
935 1628 1033 1694 unico
1056 1628 1211 1708 duellum,
1237 1639 1272 1694 et
1294 1630 1373 1694 dum
1396 1631 1431 1696 in

227 1729 351 1814 galeam
367 1729 536 1795 descendit
550 1729 677 1794 fortiter
692 1729 779 1794 ensis
795 1729 829 1794 in
842 1731 957 1817 capulo
972 1733 1093 1797 fractus
1105 1742 1166 1799 est
1209 1733 1320 1797 'limet
1333 1733 1432 1818 igitur

225 1833 314 1917 gigas
341 1831 414 1910 sibi,
432 1842 465 1896 et
491 1853 527 1896 se
552 1831 621 1898 fere
644 1831 769 1897 victum
795 1833 893 1898 corde
913 1833 1053 1913 fatetur3
1078 1833 1136 1898 sed
1156 1855 1246 1899 more
1268 1855 1328 1898 suo
1345 1834 1430 1900 Galo

226 1934 339 2012 resilit,
354 1943 392 1998 ut
405 1955 464 2019 per
479 1933 589 1998 omnia
602 1933 711 1999 bonus
726 1943 890 2020 appareat,
905 1934 1052 1999 inducias
1067 1935 1190 2020 giganti
1203 1935 1431 2022 licentiamque

225 2037 408 2103 concedens
422 2037 520 2102 alium
536 2037 702 2122 querendi
717 2037 872 2122 gladium,
884 2038 1004 2117 dicens,
1015 2037 1232 2105 “Quaerenda
1245 2047 1297 2103 est
1311 2039 1431 2104 virtute

224 2139 327 2226 gloria
350 2161 417 2204 non
440 2141 550 2204 casu.''
594 2139 707 2204 Laetus
733 2139 786 2203 ille
807 2139 933 2224 suique,
948 2139 1036 2204 Sadii
1057 2139 1170 2203 dolent
1191 2160 1305 2202 omnes
1325 2139 1430 2219 amici,

222 2255 472 2330 promptamque
486 2243 654 2309 victoriam
669 2251 849 2328 queruntur
866 2243 901 2306 in
921 2242 1101 2328 periculum
1126 2243 1212 2306 ultro
1227 2263 1427 2308 conversam.

225 2347 300 2412 Hoc
325 2355 434 2412 autem
461 2347 541 2414 mihi
564 2347 694 2412 videtur
715 2345 833 2431 injuria
857 2367 1013 2432 preceps,
1035 2346 1123 2431 quod
1144 2345 1216 2431 quis
1236 2345 1270 2410 id
1289 2345 1428 2411 scienter

221 2461 305 2536 agat,
320 2452 408 2516 unde
422 2450 575 2516 laetentur
588 2451 711 2526 hostes,
721 2450 816 2515 amici
831 2451 972 2515 doleant.
1018 2450 1154 2515 Recedit
1164 2449 1253 2535 gigas
1263 2450 1303 2514 ad
1319 2459 1426 2515 tento-

221 2555 317 2634 rium,
329 2564 363 2620 at
377 2576 396 2619 a
410 2555 606 2620 cubiculario
621 2554 763 2640 gladium
774 2554 929 2639 gaudem
942 2562 975 2618 et
986 2553 1240 2640 pulcherrimum
1255 2553 1382 2638 accipit,
1391 2563 1426 2619 et

221 2657 421 2723 abstractum
436 2659 583 2744 agnoscit
603 2659 695 2722 illum
710 2679 782 2723 esse
797 2659 890 2743 cujus
905 2657 1047 2722 acumini
1061 2677 1128 2721 non
1143 2657 1278 2742 lignum,
1293 2679 1360 2721 non
1376 2679 1425 2736 os,

221 2783 288 2827 non
312 2761 456 2848 chalybs,
471 2785 538 2827 non
561 2762 667 2847 aliqua
690 2760 848 2826 resistunt
868 2781 967 2839 mma,
984 2780 1082 2845 seque
1105 2759 1277 2845 deceptum
1304 2758 1383 2824 dicit
1404 2782 1425 2824 e

220 2863 331 2950 bajulo
356 2865 483 2950 prioris,
507 2864 680 2950 ipsumque
706 2862 853 2948 bajulum
883 2863 1002 2927 scindit
1030 2863 1145 2928 eodem
1174 2885 1194 2925 a
1220 2861 1342 2927 cervice
1365 2883 1424 2947 per

222 2967 349 3051 spinam
361 2975 396 3032 et
409 2989 502 3032 renes
517 2968 551 3031 ln
567 2967 828 3046 terram,dicens,
843 2969 865 3004 “
875 2967 973 3032 Serre
988 2987 1138 3052 nequam,
1156 2965 1209 3030 hic
1225 2965 1302 3030 mihi
1319 2965 1422 3031 victo·

219 3071 298 3134 riam
315 3069 477 3156 inprimis
498 3069 642 3134 dedisset
663 3067 781 3133 ictibus
792 3069 823 3148 ;”
847 3079 881 3133 et
895 3069 1029 3149 addidit,
1052 3075 1072 3107 ‘⁴
1086 3069 1178 3134 Heus
1193 3069 1248 3134 tul
1272 3069 1328 3153 qui
1349 3069 1421 3134 loco

219 3171 356 3238 Gelonis
380 3194 507 3238 mecum
533 3172 705 3237 discrimen
730 3171 829 3247 inisti,
846 3171 902 3256 qui
925 3181 1012 3237 certe
1039 3172 1166 3238 Galone
1187 3173 1290 3237 multo
1306 3172 1421 3237 melior

217 3298 264 3355 es,
279 3275 396 3342 carceri
423 3298 496 3341 meo
520 3286 553 3340 te
578 3275 689 3354 redde,
704 3275 732 3340 si
756 3275 858 3340 vitam
881 3286 972 3341 tuam
997 3277 1093 3341 morti
1119 3277 1269 3362 praeferre
1292 3275 1419 3360 cupis.”

218 3380 304 3445 Galo
333 3379 517 3459 subintulit,
553 3379 754 3445 “Guantum
791 3377 852 3443 tibi
888 3379 1027 3443 contulit
1055 3379 1154 3444 animi
1180 3379 1233 3444 vel
1253 3377 1417 3464 jactantia

214 3482 340 3566 gladius
354 3481 418 3560 ille,
434 3502 501 3545 non
516 3501 556 3545 ex
571 3489 628 3544 tua
642 3480 762 3544 virtute
777 3480 927 3565 provenit
942 3481 999 3545 sed
1014 3501 1055 3544 ex
1070 3502 1141 3545 mea
1154 3481 1293 3559 licentia,
1308 3479 1417 3544 liceat-

215 3605 278 3670 que
298 3583 359 3649 tibi
377 3584 404 3648 si
425 3584 502 3670 quid
525 3593 618 3669 potes
641 3584 747 3649 adhuc
770 3583 918 3647 utilitatis
939 3583 1085 3667 adjicere.
1130 3583 1270 3648 Securus
1286 3605 1359 3647 sum
1375 3603 1416 3647 ex

213 3689 247 3752 vi
261 3687 405 3773 corporis
428 3697 462 3752 et
483 3687 582 3752 animi
603 3687 734 3766 virtute,
745 3702 813 3751 non
835 3708 876 3750 ex
898 3708 1061 3751 armorum
1083 3687 1225 3772 adject03
1248 3709 1319 3751 mea
1334 3685 1414 3749 mihi

210 3791 281 3856 laus
305 3791 340 3855 in
366 3791 592 3876 adjuvamen.”
638 3791 740 3876 Gigas
762 3790 860 3876 igitur
880 3788 981 3854 iratus
1004 3789 1038 3854 in
1053 3791 1161 3875 ipsum
1180 3789 1284 3869 irruit,
1298 3797 1332 3853 et
1346 3789 1414 3853 ictu

210 3895 316 3982 primo
340 3894 381 3960 de
407 3895 511 3981 clipeo
539 3896 675 3961 Gelonis
703 3895 855 3982 quiequid
876 3894 1036 3980 contingit
1060 3894 1205 3958 fulminis
1230 3894 1332 3959 instar
1357 3894 1414 3959 ab·

209 3998 341 4078 scindit,
357 4008 391 4063 et
413 3999 558 4065 secundo
581 3999 621 4064 de
643 4000 741 4064 lorica
763 4009 888 4084 partem
909 3998 1083 4084 plurimam
1098 4009 1132 4064 et
1146 3998 1261 4085 clipeo.
1305 3997 1415 4063 Sentit

210 4101 295 4166 Galo
310 4101 457 4189 viditque
471 4103 577 4189 palam
593 4103 682 4188 quod
703 4103 812 4189 ipsum
827 4125 846 4167 a
860 4103 941 4169 facie
955 4103 1052 4190 gladii
1067 4102 1156 4168 nulla
1170 4111 1311 4190 possunt
1325 4123 1413 4168 arma

255 4223 371 4270 unua.
388 4225 463 4271 soc.
1215 4227 1238 4270 a
