3650 4852
395 535 436 596 14
826 547 1014 596 ΘΠΑΠΙἯΒΙ
1039 545 1160 592 uam
1415 548 1537 613 [Distlm.
1550 551 1574 604 Ι,

391 701 554 767 videntur.
599 701 697 766 Curia
711 710 820 767 tamen
834 711 947 767 nostra
964 722 1031 786 prae
1054 697 1180 764 crateris
1204 696 1239 760 in
1265 696 1447 783 periculoso
1463 702 1594 770 turbine

391 805 474 870 vivit
501 805 662 870 fluctuans
693 815 727 870 et
751 828 841 890 vaga.
888 804 969 890 Regi
993 813 1102 868 tamm
1126 811 1241 865 nostro
1265 802 1452 868 nullatenus
1475 806 1593 873 inferre

392 909 586 972 calumniam
601 910 715 988 audeo,
729 909 818 994 quod
832 909 867 972 in
890 917 980 972 tanta
1002 915 1054 970 tot
1075 904 1213 969 millium
1237 912 1272 967 et
1297 904 1498 972 diversorum
1523 931 1595 973 aor-

392 1011 482 1074 dium
498 1010 569 1074 aula
584 1009 706 1074 multus
722 1031 810 1074 error
825 1009 1011 1093 multusque
1027 1007 1187 1070 tumultus
1203 1015 1265 1085 est,
1295 1029 1369 1071 oum
1392 1009 1594 1094 singulorum

391 1135 452 1178 nec
465 1113 536 1196 ipse
552 1135 611 1178 nec
626 1113 707 1177 alius
722 1112 829 1198 possit
843 1111 976 1175 nomina
987 1108 1137 1186 retinere,
1151 1106 1272 1171 nedum
1289 1110 1386 1173 corda
1400 1133 1593 1196 agnoscere3

392 1225 426 1280 et
440 1237 536 1280 nemo
556 1217 728 1301 praevaleat
749 1215 790 1279 ad
816 1215 949 1300 planum
976 1221 1155 1296 temperare
1180 1210 1335 1274 familiam
1359 1214 1452 1298 cujus
1467 1215 1595 1300 ignorat

391 1317 602 1400 cogitationes
617 1327 675 1380 aut
688 1317 841 1402 lingrram,
855 1315 890 1380 id
905 1324 966 1394 ast,
982 1313 1134 1398 quicquid
1148 1333 1260 1376 eorum
1283 1315 1380 1379 oorda
1405 1317 1593 1402 loquuntur.

391 1418 555 1483 Dominus
585 1418 702 1483 dividit
737 1439 836 1502 aquas
860 1415 901 1480 ab
926 1415 1029 1500 aquis,
1055 1415 1195 1500 populos
1221 1438 1241 1479 a
1263 1417 1405 1500 populis,
1432 1430 1594 1486 scrutator

391 1520 538 1585 cordium
553 1527 587 1584 et
611 1527 765 1604 purgator
789 1539 913 1594 eorum,
939 1526 974 1580 et
998 1537 1097 1600 supra
1121 1516 1267 1582 residens
1294 1528 1328 1583 et
1352 1529 1503 1604 potenter
1531 1523 1593 1588 im-

390 1643 529 1706 perans:
553 1620 610 1686 sed
624 1619 825 1705 impossibile
839 1619 978 1698 ridetur,
994 1617 1124 1703 quidem
1145 1620 1250 1683 nostri
1265 1622 1326 1686 sub
1341 1625 1432 1709 aquis
1446 1626 1593 1712 gigantes

391 1732 534 1810 gemant.
579 1722 705 1787 Omnes
720 1719 839 1787 audisti
855 1723 958 1786 curias
973 1721 1153 1806 inquietas3
1175 1732 1293 1806 praeter
1315 1725 1402 1790 illam
1428 1728 1470 1791 ad
1495 1751 1593 1813 quam

391 1827 578 1904 invitamur,
594 1825 697 1888 solam
712 1846 807 1909 quam
822 1823 986 1888 Dominus
1001 1823 1084 1908 regit
1107 1823 1220 1887 civitas
1239 1847 1351 1910 paoem
1367 1827 1475 1910 habet,
1491 1841 1525 1894 et
1539 1831 1595 1896 illa

392 1929 488 1994 nobis
503 1949 638 1992 manens
648 1927 859 2013 promittitur.
885 1927 1006 2006 Beris,
1021 1926 1189 1990 karissime
1204 1926 1249 1990 mi
1260 1928 1415 2011 Galfride,
1430 1933 1594 2013 curialem,

392 2055 460 2097 non
476 2033 549 2096 dico
563 2033 714 2096 facetum.
760 2031 845 2095 Puer
859 2052 944 2110 sum,
959 2041 992 2094 et
1001 2028 1090 2114 loqui
1100 2029 1220 2093 nescio.
1264 2029 1328 2097 Sed
1341 2034 1459 2099 diooin
1474 2036 1594 2102 hacsio

392 2157 467 2200 vere
476 2134 637 2218 descripta
645 2133 734 2197 ouria
742 2133 909 2218 religatum
919 2142 953 2197 et
961 2133 1002 2196 ad
1011 2132 1094 2195 hano
1103 2132 1278 2217 relegatum
1287 2135 1364 2200 hino
1372 2138 1594 2224 philosophari

389 2238 496 2324 jubes,
507 2237 562 2323 qui
571 2259 623 2302 me
632 2237 805 2301 Tantalum
815 2236 912 2322 hujus
923 2235 1041 2300 inferni
1051 2235 1164 2299 fateor.
1186 2234 1361 2302 Quomodo
1372 2261 1507 2322 possum
1516 2264 1594 2327 pro-

392 2342 504 2426 pinare
520 2342 574 2426 qui
585 2339 682 2405 sitio?
714 2339 842 2406 Quieta
854 2340 973 2405 mentis
985 2348 1036 2404 est
1045 2348 1078 2402 et
1089 2338 1130 2402 ad
1141 2360 1243 2401 unum
1253 2339 1350 2404 simul
1361 2343 1504 2409 oolleotoe
1515 2367 1594 2430 poe·

392 2444 464 2508 tari.
507 2445 625 2508 'lotam
640 2443 756 2508 volunt
770 2454 804 2508 et
818 2453 922 2507 tutam
938 2465 1012 2506 oum
1034 2439 1223 2505 assiduitate
1241 2443 1449 2509 residentiam
1469 2458 1573 2532 poetae
1582 2473 1594 2527 ;

392 2555 427 2611 et
445 2549 512 2610 n'on
527 2546 662 2631 prodest
685 2545 828 2629 optimus
853 2545 997 2630 corporis
1023 2554 1057 2608 et
1079 2564 1187 2608 rerum
1214 2552 1329 2623 status,
1352 2546 1378 2610 si
1404 2569 1472 2612 non
1496 2550 1594 2616 fuerit

391 2650 520 2712 interna
545 2669 624 2731 pace
649 2648 842 2731 tranquillus
866 2648 1015 2711 animus:
1040 2647 1128 2711 unde
1152 2667 1218 2709 non
1242 2647 1350 2711 minus
1373 2671 1393 2712 a
1417 2672 1470 2715 me
1484 2653 1593 2736 poscis

393 2750 583 2814 miraculum
606 2749 694 2828 hino,
717 2749 839 2814 scilicet
861 2749 1027 2815 hominem
1041 2748 1177 2813 idiotam
1192 2757 1226 2812 et
1239 2747 1426 2834 imperitum
1442 2753 1592 2835 seribere,

392 2851 533 2938 quamsi
557 2851 597 2914 ab
623 2851 754 2916 alterius
770 2851 804 2916 N
805 2851 1053 2938 abogodonosor
1067 2852 1197 2916 fornace
1211 2872 1314 2917 novos
1329 2875 1448 2938 pueros
1464 2867 1593 2924 cantaro

389 2954 519 3042 jubeas.

824 3075 874 3137 De
889 3073 995 3137 Herla
1009 3093 1092 3156 repe.
1135 3073 1180 3136 xi.

437 3191 547 3255 Unam
562 3199 671 3254 tamen
686 3194 720 3250 et
734 3185 835 3250 solam
850 3183 927 3248 huic
941 3193 1061 3248 nostrae
1077 3182 1173 3248 curia
1195 3182 1334 3247 similem
1354 3185 1454 3250 fuisse
1476 3188 1594 3256 fabula

393 3294 563 3374 dederunt,
590 3313 661 3377 quae
681 3289 794 3353 dicunt
809 3287 966 3352 Herlam*
982 3306 1090 3370 regem
1105 3283 1403 3369 antiquissimorum
1419 3289 1593 3357 Britonum

426 3469 444 3506 *
461 3463 522 3515 This
544 3464 647 3528 chapter
672 3462 694 3511 is
717 3475 806 3523 ανον]
826 3459 924 3508 carious
943 3458 974 3507 ll·
1009 3457 1112 3506 Franco.
1147 3455 1247 3506 Seatha
1263 3464 1361 3508 notato
1380 3459 1423 3509 tha
1440 3461 1594 3514 Alliteratire

391 3548 526 3600 lustration
544 3547 573 3596 ol
598 3561 613 3594 a
638 3544 702 3593 olas·
727 3541 755 3591 of
775 3540 877 3604 legend·
896 3538 975 3588 which
1009 3539 1085 3588 Poem
1096 3553 1129 3587 on
1140 3539 1183 3587 tha
1196 3539 1345 3602 Deposition
1356 3539 1385 3588 os
1394 3541 1503 3591 Riohard
1515 3542 1553 3592 11.
1564 3561 1592 3608 p.

391 3647 433 3680 are
452 3643 568 3679 common
589 3640 680 3688 among
696 3623 729 3671 all
749 3623 790 3671 the
809 3621 930 3670 branchos
950 3618 978 3669 of
1009 3621 1050 3668 54.
1083 3620 1137 3669 The
1146 3619 1234 3682 legend
1246 3635 1294 3669 was
1302 3623 1488 3672 meientinour
1496 3625 1591 3676 island:

391 3712 434 3762 the
461 3711 582 3761 Teutoaic
610 3723 673 3757 race.
705 3705 758 3754 'I'he
784 3719 857 3752 name
888 3703 973 3761 Herla‚
1009 3717 1049 3750 seo
1057 3717 1087 3749 aa
1096 3701 1240 3750 insonnem
1252 3703 1293 3751 the
1306 3703 1387 3752 Saxou
1395 3705 1536 3766 Chronius,
1547 3707 1593 3757 suh

391 3794 471 3842 which
484 3793 496 3840 1
509 3791 541 3841 do
552 3796 597 3840 not
607 3789 658 3837 find
670 3789 697 3837 iu
709 3801 757 3849 any
768 3785 796 3834 ol
815 3785 858 3834 the
876 3785 932 3833 lists
949 3783 978 3831 oi
1006 3798 1047 3832 uu.
1059 3783 1132 3834 1122.
1150 3784 1535 3851 SesonthaFrenehHellequin‚
1543 3787 1593 3838 aad

392 3872 487 3937 mythic
511 3871 605 3920 British
626 3870 708 3931 kings,
731 3869 752 3916 is
772 3867 897 3929 evidently
914 3881 974 3915 ooa-
1007 3864 1094 3914 onths
1106 3866 1221 3915 different
1241 3866 1342 3928 legenda
1359 3871 1511 3934 conseming
1529 3871 1591 3931 him,

391 3952 481 4003 naoted
491 3952 550 4000 with
560 3949 711 3999 theFreuah
722 3947 974 4006 Berroiaorflella-
1008 3945 1046 3996 M.
1070 3947 1157 3996 Paullo
1176 3948 1269 3997 Paris’s
1289 3947 1423 4012 catalogue
1445 3951 1488 4000 des
1514 3952 1592 4002 MSS.

392 4035 462 4099 quin,
480 4033 530 4081 aad
548 4031 653 4096 perhaps
671 4031 724 4078 also
740 4030 798 4078 with
812 4030 854 4078 the
866 4029 974 4077 German
1007 4028 1132 4091 Fraupais,
1151 4029 1199 4079 vol
1216 4030 1234 4078 i.
1257 4045 1283 4093 p.
1304 4033 1369 4090 3223
1395 4031 1437 4081 the
1455 4031 1529 4082 Lirre
1548 4034 1593 4084 des

392 4117 477 4166 Holls.
511 4111 788 4176 Thatroopormahu'e
804 4107 834 4158 of
847 4109 972 4159 Herlewin
1006 4109 1175 4174 Logendaaof
1189 4112 1228 4160 Μ.
1241 4111 1277 4162 Le
1295 4112 1369 4162 Roux
1387 4114 1417 4163 de
1437 4115 1526 4179 Liney,
1547 4132 1592 4181 pp.

391 4198 552 4250 unknown
574 4195 601 4246 in
623 4191 748 4258 England,
770 4205 797 4243 aa
820 4191 876 4242 well
897 4205 924 4242 ss
945 4191 973 4241 ia
1007 4193 1255 4253 rotundationis
1276 4193 1470 4262 Chroniqasde
1493 4197 1594 4260 Beuoit,
