3610 4852
403 536 464 593 186
835 551 1023 594 ounnrnnr
1048 549 1169 592 nassa
1406 549 1527 612 [Dianae.
1543 548 1587 597 lv.

400 743 444 785 ex
459 720 582 784 ultione
592 720 762 804 provenire
773 741 881 805 posse,
892 729 926 784 et
935 719 975 784 de
986 719 1080 785 venia
1092 717 1216 804 [spem]
1232 718 1405 783 multarum
1419 718 1603 783 divitiarum

403 823 459 888 dat
486 823 566 907 ipse.
614 823 727 887 Haeret
748 823 802 886 illa
822 823 964 901 tandem,
979 833 1012 887 et
1032 823 1066 887 in
1091 845 1260 887 occursum
1286 822 1347 885 viri
1369 822 1418 886 sui
1443 832 1603 908 properat,

404 925 621 1010 omnibusque
659 927 808 990 revelatis
834 928 1069 1012 promissorum
1097 927 1196 990 illecti
1226 947 1284 1010 spe
1314 926 1471 991 militibus
1498 926 1603 989 adhue

404 1028 639 1092 excubantibus
657 1051 715 1114 per
730 1039 852 1094 secreta
868 1030 1014 1094 obscurae
1029 1029 1153 1093 semitae
1168 1029 1345 1114 Wiganum
1367 1029 1399 1093 in
1417 1037 1489 1093 tuto
1505 1029 1603 1094 eollo-

405 1141 489 1196 cant.
535 1131 666 1216 Colligit
692 1155 767 1218 ergo
783 1134 866 1197 vires
882 1133 1052 1218 Wiganus,
1068 1144 1102 1197 et
1117 1133 1270 1197 enarratis
1286 1132 1439 1198 exercitui
1455 1153 1514 1196 suo
1531 1153 1604 1218 pro-

404 1234 526 1300 ditione
549 1246 582 1300 et
608 1237 761 1301 timorum
787 1238 952 1323 ereptione
975 1239 1009 1302 in
1032 1237 1179 1302 omnium
1201 1237 1303 1302 oeulis
1326 1235 1454 1321 cingulo
1480 1235 1603 1300 militiae

405 1335 607 1403 liberatorem
625 1363 721 1404 suum
736 1342 887 1420 honorat,
902 1350 935 1406 et
948 1339 1058 1404 multis
1074 1339 1209 1425 praeficit
1224 1339 1341 1424 opibus
1356 1349 1390 1404 et
1404 1338 1494 1417 vicis,
1510 1340 1601 1424 cujus

405 1461 508 1526 usque
534 1442 630 1505 hodie
655 1453 789 1527 nepotes
812 1453 930 1507 terram
953 1442 1041 1505 illam
1063 1442 1243 1526 possident,
1267 1451 1301 1505 et
1318 1443 1385 1524 filii
1402 1442 1479 1503 nudi
1494 1441 1603 1526 appel-

405 1541 524 1622 lantur,
540 1544 614 1629 quia
629 1543 682 1608 ille
697 1545 821 1630 primus
837 1545 928 1631 quasi
943 1568 962 1608 a
976 1543 1123 1608 nuditate
1138 1545 1276 1608 vestitus
1288 1541 1328 1606 de
1344 1563 1484 1626 paupere
1499 1543 1602 1606 factus

406 1653 457 1709 est
472 1645 572 1710 dives.
617 1648 663 1710 At
678 1648 847 1732 Wiganus,
863 1659 900 1712 ut
914 1649 1047 1732 injurias
1064 1646 1163 1731 patris
1173 1655 1206 1710 et
1221 1667 1295 1708 suas
1311 1643 1462 1722 vindicet,
1478 1643 1511 1707 in
1527 1645 1603 1708 Ale-

406 1768 486 1812 num
514 1749 637 1828 Rebrit,
664 1752 752 1836 quod
781 1751 1011 1835 interpretatur
1039 1772 1095 1814 rex
1126 1747 1309 1826 Britonum,
1348 1755 1438 1810 tanta
1467 1746 1606 1832 insurgit

406 1850 562 1933 potentia,
578 1863 615 1914 ut
636 1852 786 1916 hostibus
812 1853 878 1916 suis
906 1852 946 1916 de
969 1852 1068 1916 tantis
1090 1850 1226 1915 urbibus
1250 1861 1283 1913 et
1308 1849 1391 1912 villis
1417 1871 1484 1912 non
1511 1849 1606 1914 relin-

407 1964 524 2039 quatur
540 1951 594 2016 ubi
610 1965 708 2039 caput
728 1978 823 2019 suum
846 1955 1012 2033 reclinent,
1035 1965 1068 2019 et
1089 1964 1127 2018 ut
1148 1953 1234 2017 illius
1258 1951 1487 2016 crudelissimos
1502 1963 1607 2017 vasta-

407 2057 506 2121 tionis
537 2058 643 2122 adhuc
670 2058 882 2123 ostendantur
908 2067 1128 2134 monumenta,
1163 2056 1292 2120 urbium
1333 2055 1468 2134 eversio,
1507 2057 1607 2120 ruinae

408 2161 626 2242 ecclesiarum,
648 2171 854 2228 attestantur.
900 2163 1099 2246 Confugiens
1124 2161 1223 2244 igitur
1244 2160 1368 2224 Alanus
1394 2159 1435 2223 ad
1459 2181 1606 2224 socerum

408 2285 503 2328 suum
531 2287 639 2350 regem
657 2267 865 2344 Francorum,
888 2265 991 2350 ipsius
1012 2265 1196 2328 interventu
1223 2264 1297 2327 data
1320 2262 1386 2325 filia
1403 2284 1462 2325 sua
1487 2263 1607 2328 seilicet

408 2369 528 2434 haeredi
554 2391 613 2434 suo
643 2370 795 2454 Wigan0,
824 2370 866 2435 ad
895 2391 1007 2454 pacem
1038 2369 1214 2453 suscipitur
1240 2367 1421 2431 restitutus.
1475 2367 1608 2434 Quievit

408 2482 516 2536 autem
545 2473 599 2537 diu
625 2483 659 2537 et
678 2474 768 2538 siluit
789 2475 850 2537 hac
869 2459 1140 2538 confoederatione
1163 2481 1232 2536 tota
1253 2471 1307 2534 ille
1320 2471 1419 2555 regio.
1465 2470 1610 2556 Contigit

408 2575 585 2662 Wiganum
602 2599 674 2641 cum
692 2599 792 2641 uxore
808 2599 866 2640 sua
880 2578 913 2641 in
937 2577 1055 2641 scaccis
1070 2576 1235 2639 ludentem
1251 2574 1291 2638 ad
1308 2575 1445 2659 majores
1462 2597 1576 2659 operas
1591 2597 1609 2637 a

410 2681 476 2744 suis
492 2681 610 2759 vocari,
626 2680 782 2766 liquitque
796 2682 868 2746 loco
885 2703 944 2745 suo
958 2679 1086 2744 fidelem
1104 2678 1165 2743 sibi
1180 2678 1315 2743 militem
1330 2686 1369 2741 ut
1383 2700 1458 2742 cum
1480 2679 1609 2744 domina

408 2783 522 2847 ludum
544 2783 634 2846 illurn
662 2784 771 2849 finiret
789 2795 823 2848 et
845 2783 994 2847 abcessit.
1039 2779 1124 2845 Cum
1148 2802 1223 2866 ergo
1248 2782 1379 2845 domina
1401 2781 1543 2861 vicisset,
1566 2783 1610 2846 ait

409 2883 504 2948 militi
520 2905 628 2947 secum
644 2884 781 2964 ludenti,
805 2891 826 2922 “
842 2886 920 2950 Non
935 2884 1006 2962 tibi,
1030 2884 1087 2948 sed
1110 2883 1180 2947 orbi
1197 2883 1264 2948 filio
1288 2882 1384 2945 mut.''
1429 2883 1528 2951 Quod
1551 2885 1609 2948 im-

409 2986 595 3070 properium
608 2987 766 3072 Wiganus
779 3011 851 3053 oum
865 2987 1087 3074 equanimiter
1102 2988 1182 3050 ferre
1198 3008 1263 3050 non
1279 2995 1400 3071 posset,
1415 2986 1457 3050 ad
1468 2986 1609 3051 Alanum

410 3086 526 3152 Rebrit
551 3109 727 3172 properans
753 3089 922 3174 inopinum
949 3089 1078 3168 invasit,
1105 3089 1159 3173 qui
1185 3091 1351 3154 confectus
1377 3089 1418 3153 ad
1444 3090 1610 3154 ecclesiam

410 3189 497 3256 beati
512 3190 602 3254 Lewi
617 3192 762 3276 confugit
778 3193 876 3271 solus,
892 3203 924 3257 et
945 3192 1053 3256 clauso
1075 3192 1184 3256 hostio
1200 3192 1336 3277 supplex
1352 3192 1455 3256 oravit
1479 3191 1610 3258 beatum

410 3295 556 3359 Lewium
573 3296 724 3380 quatinus
740 3296 875 3360 alterurn
892 3296 1071 3360 custodiret
1096 3295 1218 3361 meritis
1243 3297 1310 3360 suis
1326 3296 1404 3359 dum
1422 3297 1493 3382 ipse
1514 3297 1610 3362 armis

409 3399 442 3464 in
460 3398 560 3463 altero
571 3399 746 3463 restitisset
760 3399 921 3464 hostibus.
966 3400 1071 3463 Erant
1084 3399 1118 3463 in
1134 3399 1350 3464 ecclesiaduae
1365 3411 1479 3484 portre.
1526 3401 1611 3466 Cum

409 3501 508 3587 igitur
528 3523 594 3565 non
615 3512 751 3587 possent
773 3503 884 3567 hostes
903 3525 962 3588 per
987 3513 1114 3589 portam
1138 3503 1251 3583 sancti,
1273 3525 1330 3587 per
1353 3525 1445 3566 suam
1468 3504 1546 3570 licet
1560 3505 1613 3570 vix

410 3603 547 3690 ingressi
570 3603 764 3668 abstrahunt
789 3605 906 3683 virum,
929 3617 962 3669 et
981 3627 1090 3669 coram
1113 3604 1246 3668 ecclesia
1268 3604 1462 3690 genitalibus
1483 3608 1615 3692 privant

410 3719 444 3774 et
455 3708 557 3773 oculis
566 3733 575 3788 3
591 3708 678 3772 unde
689 3709 810 3773 factum
826 3719 878 3773 est
892 3718 930 3771 ut
951 3709 985 3771 in
999 3708 1085 3771 illius
1101 3709 1207 3772 sancti
1217 3708 1306 3772 Leni
1321 3709 1472 3792 parochia
1486 3712 1613 3778 nullum

411 3811 529 3876 animal
543 3833 655 3895 parere
666 3810 772 3896 possit
782 3811 888 3875 adhuc
899 3811 955 3875 sed
967 3820 1094 3874 maturo
1105 3821 1201 3895 partu
1212 3811 1421 3896 egrediuntur
1428 3823 1466 3875 ut
1477 3815 1615 3899 pariant.

413 3912 576 3997 Wiganus
601 3924 640 3977 ut
664 3915 761 3999 plena
784 3913 940 3998 glorietur
968 3913 1103 3994 ultione,
1134 3914 1248 3979 ablatis
1283 3935 1394 3979 secum
1423 3915 1457 3980 in
1487 3921 1616 3984 monica

411 4014 541 4080 sinistra
564 4017 666 4080 oculis
687 4027 720 4082 et
744 4015 939 4102 genitalibus
964 4016 1072 4096 Alani,
1096 4017 1199 4082 celato
1224 4028 1259 4083 et
1278 4018 1364 4084 facto
1389 4030 1423 4084 et
1446 4022 1616 4106 proposito

408 4117 489 4182 facie
509 4118 622 4203 jocosa
644 4129 677 4183 et
701 4120 806 4199 hilari,
829 4120 963 4184 domurn
991 4141 1139 4184 reversus
1166 4142 1240 4186 curn
1266 4145 1366 4188 uxore
1396 4123 1546 4190 considet
1576 4127 1615 4192 ad
