3608 4862
235 561 348 630 Capu]
633 560 680 604 na
697 560 808 606 soors
825 561 1049 607 cunrncrnn.
1358 549 1419 607 123
1525 582 1530 594 ι

217 731 300 796 ritur
313 753 332 794 a
346 751 420 816 rege
435 729 565 808 vulnus,
581 737 614 793 et
630 729 669 793 de
690 729 782 794 faciei
798 739 908 814 stupet
922 730 1106 816 integritate
1130 740 1164 795 et
1183 731 1308 795 militia.
1355 733 1420 793 Re-

218 833 293 917 gina
307 834 402 898 velox
417 832 564 912 accurrit,
579 832 631 897 cui
647 833 731 896 Galo
747 853 875 918 semper
890 835 929 897 ad
946 834 1156 919 opprobrium
1168 835 1201 898 in
1217 856 1283 914 ore,
1302 833 1420 898 Sadius

219 936 260 1000 ad
285 937 436 1016 laudem3
461 957 573 999 aureas
599 935 692 1000 affert
715 958 790 1000 cum
816 938 989 1020 unguentis
1014 937 1165 1022 pretiosis
1193 937 1340 1023 pixides3
1367 935 1420 1000 cui

220 1039 348 1119 Sadius,
375 1038 497 1102 “Nihil
515 1037 688 1122 unguentis
707 1037 772 1101 tuis
788 1047 822 1102 et
846 1038 925 1101 mihi
935 1063 944 1117 ;
972 1037 1080 1102 sciatis
1095 1039 1186 1103 illurn
1202 1040 1420 1124 triumphasse

218 1143 274 1227 qui
301 1143 429 1226 signum
455 1140 554 1204 habet
579 1140 685 1204 adhuc
710 1140 863 1220 victoriae,
891 1141 946 1225 qui
966 1142 1085 1205 vulnus
1117 1143 1251 1228 accepit,
1278 1143 1333 1226 qui
1350 1143 1419 1226 jam

220 1267 287 1308 non
302 1245 437 1311 effeetus
452 1254 503 1308 est
516 1267 632 1323 nanus,
648 1243 703 1328 qui
720 1245 849 1329 gigante
872 1246 975 1330 major
992 1246 1150 1330 apparuit.
1181 1247 1253 1330 Ego
1269 1268 1341 1309 sum
1355 1245 1420 1324 ille,

222 1348 349 1432 signum
376 1347 414 1411 ad
439 1356 563 1411 vestras
586 1346 773 1424 derisiones
800 1347 853 1430 qui
879 1369 953 1410 cum
979 1348 1086 1433 puella
1111 1359 1199 1412 stans
1220 1349 1315 1412 lalsas
1339 1347 1420 1411 mihi

219 1452 332 1516 laudes
347 1450 455 1516 audivi
471 1449 597 1514 archis
613 1458 647 1514 et
661 1449 886 1534 indignissima
902 1449 1038 1515 Gelonis
1054 1452 1238 1538 opprobria,
1253 1475 1327 1516 cum
1340 1453 1419 1537 jam,

221 1555 294 1618 Deo
318 1553 449 1639 gratias!
465 1553 569 1616 virtus
595 1551 855 1637 incomparabilis
882 1575 995 1618 omnes
1022 1555 1236 1640 triumphavit
1250 1553 1420 1619 invidias.''

220 1658 274 1722 Ad
289 1659 359 1722 haec
373 1656 482 1742 regina
497 1656 587 1741 quasi
604 1654 758 1740 Gorgone
781 1653 851 1719 visa
876 1677 935 1740 per
955 1667 1121 1744 stuporem
1149 1657 1300 1743 obriguit,
1325 1679 1421 1722 cona·

222 1770 338 1846 turque
364 1759 545 1824 discredere
570 1780 666 1841 quam
696 1758 808 1822 horret
841 1759 1020 1825 veritatem.
1066 1761 1206 1826 Proinde
1227 1763 1296 1847 jam
1324 1782 1421 1824 nemo

224 1864 351 1928 dubitat
374 1864 414 1928 de
439 1863 581 1940 victore3
615 1860 694 1925 certi
720 1869 798 1926 sunt
824 1861 864 1925 de
886 1861 1052 1948 triumpho
1074 1863 1210 1928 Gelonis
1236 1864 1332 1928 etde
1357 1862 1422 1928 fide

223 1967 333 2045 Sadii3
364 1967 433 2050 jam
465 1965 586 2030 clamor
610 1964 769 2028 attollitur
798 1963 956 2042 omniurn,
989 1975 1023 2028 et
1047 1967 1196 2031 victrices
1222 1967 1252 2032 ei
1273 1967 1422 2032 deferunt

224 2068 369 2134 certatim
392 2066 537 2152 aquilas3
560 2065 627 2150 jam
643 2067 776 2131 vulnere
790 2067 862 2131 viso
884 2077 1067 2132 reverenter
1083 2069 1112 2132 ci
1128 2070 1289 2154 supplicat
1310 2091 1366 2132 rex
1389 2077 1422 2133 et

220 2172 318 2237 illatoe
332 2171 415 2256 petit
429 2169 557 2235 veniam
576 2169 711 2254 injuriae.
757 2169 906 2254 Cumque
929 2168 1073 2254 gaudens
1099 2177 1169 2233 tota
1185 2170 1361 2234 solenniter
1376 2170 1421 2235 ci·

221 2275 316 2354 vitas,
334 2274 443 2358 regina
458 2273 526 2337 sola
548 2281 675 2336 tantum
690 2273 790 2338 habet
804 2273 947 2358 undique
962 2272 1174 2351 confusionis,
1189 2283 1226 2336 ut
1241 2273 1358 2337 obtusa
1372 2294 1423 2338 rc·

222 2379 382 2463 langueat,
395 2375 537 2462 serpenti
552 2374 665 2439 similis
681 2376 835 2454 serotino,
846 2376 901 2460 qui
915 2385 1063 2461 perstans
1078 2375 1113 2438 in
1129 2376 1222 2439 terris
1239 2375 1421 2440 adumbrari

223 2482 375 2546 aferrore
384 2501 450 2544 non
462 2478 580 2565 potuit,
590 2487 624 2542 et
637 2478 671 2541 in
683 2479 820 2562 quodvis
832 2480 919 2543 ultor
928 2477 1130 2543 obstaculum
1143 2479 1262 2542 frustra
1269 2478 1304 2543 in
1316 2489 1422 2544 totum

222 2585 311 2648 virus
320 2582 442 2648 evomit
450 2580 644 2660 exinanitus,
653 2581 687 2644 in
696 2602 832 2667 vespero
842 2581 904 2644 sub
913 2581 1013 2645 herba
1022 2581 1269 2646 latensinsidias
1279 2581 1424 2645 animali-

223 2688 286 2753 bus
301 2710 320 2750 a
334 2695 431 2772 pastu
445 2682 656 2749 redeuntibus
673 2685 769 2748 struit
787 2693 989 2770 mortemque
1005 2683 1140 2769 singulis
1156 2685 1246 2770 cupit
1261 2694 1294 2749 et
1313 2696 1424 2750 manet

222 2791 385 2876 impotens
394 2814 404 2868 3
430 2788 477 2852 sic
490 2789 560 2852 hoec
575 2809 675 2852 vacua
691 2785 814 2853 viribus
827 2787 918 2852 vanis
938 2787 1113 2852 intabescit
1127 2789 1305 2868 desideriis,
1321 2789 1422 2853 solam

221 2896 340 2959 frustra
354 2892 497 2957 retinens
520 2891 659 2955 nocendi
679 2892 894 2956 voluntatem.
942 2891 1027 2956 Sane
1039 2892 1132 2976 justo
1144 2891 1208 2956 Dei
1220 2892 1343 2978 judicio
1358 2891 1423 2954 fine

222 2998 310 3064 bono
339 2995 469 3081 gavisus
494 3003 545 3058 est
570 2993 665 3071 Galo,
691 2993 892 3078 Venerisque
917 2994 1047 3059 fornace
1074 2995 1228 3060 decoctus
1257 2995 1422 3080 pudicitiae

222 3100 433 3187 purissimum
448 3097 612 3181 exemplar
635 3094 774 3175 enituit;
798 3107 832 3161 et
847 3096 996 3162 revelatis
1019 3098 1137 3180 reginae
1159 3098 1290 3162 malitiis
1305 3098 1422 3162 merito

222 3205 313 3269 flevit
334 3203 369 3266 in
389 3202 531 3265 derisum
548 3210 581 3264 et
603 3199 744 3264 fabulam
762 3199 868 3263 omnis
884 3199 943 3263 otii
958 3221 1123 3265 conversa.
1169 3201 1273 3266 Fatua
1287 3201 1422 3266 forsitan

221 3310 293 3373 hoeo
306 3305 470 3372 videbitur
483 3314 517 3368 et
531 3303 644 3366 frivola
663 3302 815 3380 narrati0,
838 3302 895 3366 sed
911 3303 1007 3366 fatuis
1022 3313 1056 3368 et
1070 3302 1193 3367 frivolis
1209 3303 1326 3388 quibus
1341 3303 1423 3367 nihil

222 3409 446 3497 proponimus,
459 3408 499 3472 de
513 3407 633 3470 talibus
648 3408 731 3470 forte
746 3404 841 3469 nobis
857 3406 919 3469 erit
935 3427 1040 3470 sermo
1054 3429 1127 3470 oum
1142 3405 1300 3484 inciderit,
1312 3415 1421 3468 atnon

222 3514 341 3579 talibus
361 3512 448 3598 quod
463 3532 638 3596 possumus
653 3519 687 3574 et
701 3509 822 3572 scimus
837 3507 986 3593 benignis
1006 3517 1040 3571 et
1059 3507 1180 3592 argutis
1203 3507 1421 3592 inpendimus,

222 3618 360 3681 scientes
376 3614 463 3700 quod
479 3613 678 3678 absinthium
701 3621 735 3676 et
756 3611 895 3675 thimum
923 3620 1150 3695 argumentosa
1170 3611 1320 3695 degustet
1340 3610 1420 3694 apis.

224 3720 367 3786 Selectos
391 3739 431 3782 ex
455 3717 570 3780 amaris
594 3726 629 3780 et
654 3707 802 3779 dulcibus
819 3714 964 3777 conferat
985 3713 1019 3776 in
1045 3713 1231 3776 thesaurum
1255 3711 1422 3796 sapientiae

221 3823 314 3886 favos
329 3841 369 3883 ex
383 3819 507 3882 frivolis
522 3817 584 3896 his,
601 3826 668 3881 eta
693 3818 766 3880 Deo
790 3815 852 3879 sibi
867 3815 943 3878 data
964 3815 1065 3900 gratia
1090 3814 1243 3899 colligens
1269 3814 1421 3899 quatinus

222 3925 320 4008 eligat
333 3931 367 3986 et
382 3921 494 4005 diligat
516 3942 639 3984 amaras
662 3919 799 4004 justitiae
815 3919 895 3996 vias,
917 3927 956 3981 ut
979 3917 1074 3996 Galo,
1096 3939 1156 3981 nec
1171 3917 1333 3982 obstinate
1347 3940 1422 3982 curn

222 4027 332 4111 regina
346 4023 511 4109 probrosis
526 4023 702 4088 contendat
716 4023 872 4087 inherere
893 4020 1026 4100 deliciis,
1042 4021 1166 4107 eritque
1189 4044 1317 4088 carmen
1333 4021 1423 4088 cordi

222 4138 388 4194 cantatum
404 4126 539 4212 optimo
