3608 4862
245 525 365 590 capnt]
617 527 663 570 nn
689 525 799 572 muers
824 525 1048 570 conruerunt.
1368 517 1426 574 161

229 705 368 760 mortem
391 717 465 760 cum
495 693 594 758 fuerit
614 693 762 778 proxima
781 691 1023 778 praenuntiabit.
1070 691 1240 758 Recedunt
1266 694 1374 774 simul,
1397 706 1431 760 et

228 817 286 882 per
300 817 509 883 quascunque
530 804 701 859 transeunt
722 795 906 880 provincias
931 795 1069 880 collegas
1094 795 1156 860 sibi
1181 797 1337 882 colligunt
1360 799 1430 862 sine

229 895 298 981 lege
308 897 513 982 vespiliones.
559 895 623 959 Die
633 895 809 974 dormiunt,
820 905 916 961 nocte
932 918 1020 976 vero,
1032 897 1188 962 scelerum
1204 899 1316 979 amica,
1328 900 1431 965 furto-

228 1021 302 1064 rum
323 1001 468 1076 fautrice,
492 1021 551 1084 per
579 998 668 1062 invia
696 997 809 1062 furtim
840 1008 959 1078 errant,
985 1021 1044 1064 nec
1073 1000 1260 1085 igriorenter
1289 1001 1431 1068 deviant.

229 1103 307 1166 Dux
323 1103 409 1168 enim
425 1124 537 1167 eorum
555 1101 649 1185 Olga,
661 1123 758 1186 quem
773 1101 861 1164 nulla
875 1101 955 1166 latet
970 1101 1096 1182 semita,
1106 1125 1202 1188 quem
1219 1103 1328 1183 etiam,
1340 1115 1431 1190 post·

229 1227 326 1290 quam
349 1215 485 1270 ventum
509 1215 561 1269 est
586 1203 642 1267 ubi
669 1204 921 1288 delinquendum
947 1215 1015 1268 erat
1040 1205 1074 1268 in
1099 1206 1266 1290 provincia
1289 1207 1430 1286 Belvaci,

230 1308 459 1388 consiliarium,
489 1307 739 1392 exploratorem,
766 1307 945 1385 stimulum,
976 1308 1199 1393 instigatorem
1229 1307 1429 1374 crudelitatis

230 1409 361 1490 habent,
377 1421 411 1476 et
425 1411 532 1476 omnis
555 1409 736 1495 iniquitatis
752 1431 849 1494 quam
866 1430 1013 1474 exercere
1029 1410 1135 1475 solent
1149 1411 1309 1476 exercitus
1325 1411 1380 1496 qui
1395 1433 1430 1476 se

229 1512 285 1576 teli
305 1511 438 1576 domino
464 1511 676 1576 committunt
701 1519 740 1574 ut
761 1511 1016 1576 committantur.
1062 1513 1158 1577 Fallit
1187 1524 1294 1578 autem
1319 1522 1432 1577 auctor

229 1614 361 1678 fallaciae
376 1615 550 1700 phalanges
576 1613 731 1698 plurimas
747 1614 815 1678 suis
830 1614 981 1679 associari
1004 1616 1201 1681 domesticis.
1248 1617 1430 1701 Conjurant

230 1715 263 1780 in
279 1725 388 1801 patres
402 1715 471 1793 filii,
483 1718 620 1801 juvenes
635 1716 669 1779 in
686 1737 790 1794 senes,
804 1715 838 1779 in
863 1716 983 1782 amicos
1004 1717 1109 1796 amici,
1125 1726 1257 1803 totaque
1281 1717 1430 1782 libertate

232 1817 272 1882 de
286 1818 385 1902 plano
399 1817 465 1882 ruit
488 1819 522 1881 in
537 1816 756 1882 innocentiam
773 1815 904 1882 malitia.
950 1818 1048 1883 Plene
1064 1820 1258 1905 penitusque
1273 1821 1359 1885 cedit
1384 1819 1431 1884 eis

230 1921 263 1986 in
286 1922 430 2006 praedam
446 1921 622 2008 provincia.
668 1921 773 2005 Supra
795 1921 929 1986 modum
952 1922 1119 2001 timentur,
1142 1923 1217 2008 quia
1240 1924 1309 1988 sine
1333 1922 1430 1988 modo

232 2024 380 2088 saeviunt.
437 2024 579 2089 Omnem
610 2023 756 2087 omnium
786 2045 843 2088 eoa
872 2024 987 2088 edocet
1017 2033 1137 2090 statum
1170 2026 1263 2110 Olga,
1279 2027 1431 2110 magister

231 2125 380 2191 Eudonis
395 2138 429 2193 et
443 2126 605 2191 dominus.
654 2127 728 2191 Hoc
751 2127 781 2190 ei
804 2148 924 2190 nomen
949 2148 1044 2191 suum
1069 2129 1237 2193 confessus
1252 2139 1303 2194 est
1318 2129 1431 2192 doctor

231 2231 312 2315 ejus,
328 2230 383 2314 qui
398 2251 471 2294 cum
488 2229 647 2294 mendacii
658 2229 701 2293 sit
716 2239 841 2294 amator
855 2239 889 2294 et
903 2238 1025 2307 auctor,
1040 2251 1078 2293 ea
1093 2230 1160 2294 suis
1175 2230 1311 2294 veritate
1326 2229 1430 2293 fidelis

231 2343 291 2411 est,
308 2353 371 2417 qua
386 2333 486 2416 magis
502 2355 598 2418 quam
615 2331 782 2396 mendacio
794 2353 909 2396 nocere
924 2341 1044 2416 potest.
1090 2333 1178 2398 Hinc
1193 2354 1307 2398 omnes
1319 2353 1431 2398 cavere

231 2435 339 2501 sciunt
352 2435 485 2500 insidias
497 2445 531 2500 et
541 2434 736 2519 improvisos
748 2433 867 2519 ubique
878 2435 1048 2520 surripere.
1084 2435 1289 2521 Quocunque
1300 2445 1429 2522 raptum

231 2537 419 2622 prosiliunt,
433 2559 523 2602 more
545 2537 716 2602 formicino
738 2545 946 2602 revertuntur
960 2539 1081 2602 onusti.
1125 2538 1319 2604 Vacuuntur
1334 2538 1432 2624 igitur

232 2640 346 2704 efacie
361 2640 538 2704 furentium
553 2640 684 2704 castella
699 2661 773 2704 cum
789 2639 886 2719 villis,
901 2649 935 2704 et
949 2639 990 2704 ab
1004 2640 1085 2725 ipsis
1103 2649 1311 2727 occupantur.

274 2742 351 2806 Jam
382 2765 440 2806 sua
470 2743 564 2826 plene
593 2741 741 2826 possidet
763 2751 797 2806 et
825 2751 978 2826 potenter
1001 2743 1126 2806 invadit
1155 2743 1260 2806 aliena
1272 2767 1281 2822 3
1312 2743 1433 2828 quique

232 2846 338 2909 fuerat
350 2844 486 2930 ignarus
503 2854 537 2909 et
556 2845 643 2910 iners
658 2844 820 2928 frequenti
846 2865 999 2909 successu
1013 2845 1053 2909 fit
1067 2856 1195 2910 astutus
1211 2854 1245 2911 et
1267 2847 1383 2925 audax,
1400 2855 1434 2911 et

231 2948 265 3012 in
289 2949 379 3011 omni
403 2969 536 3033 sperans
560 2947 747 3012 discrimine
762 2947 879 3012 similia
893 2959 1094 3034 perpetrans.
1140 2949 1226 3012 Cum
1253 2961 1362 3013 autem
1387 2951 1433 3015 sie

230 3050 425 3114 victoriosus
441 3051 482 3114 ad
504 3060 629 3129 votum,
651 3050 740 3114 nulla
755 3049 862 3134 placet
886 3051 916 3114 ei
943 3051 1012 3116 sine
1039 3063 1144 3136 strage
1170 3053 1324 3133 victoria3
1347 3053 1433 3118 diem

232 3152 374 3236 perdidit
410 3175 474 3236 qua
502 3174 674 3218 numerum
705 3152 800 3217 scivit
828 3152 1040 3237 perditorum.
1086 3155 1191 3240 Super
1220 3177 1317 3220 omne
1346 3157 1434 3240 quod

232 3253 365 3338 expedit
391 3254 512 3320 deliciae
535 3255 598 3319 sibi
620 3263 699 3319 sunt
719 3254 840 3339 praedm
861 3256 1050 3321 clericorum
1073 3267 1106 3320 et
1131 3258 1251 3341 rapinae
1274 3259 1315 3322 de
1334 3259 1434 3342 patri·

233 3354 344 3419 monio
370 3355 503 3422 Christi.
547 3356 822 3420 Animadvertunt
845 3356 943 3440 igitur
970 3357 1147 3421 districtius
1170 3357 1205 3420 in
1228 3359 1336 3442 ipsum
1359 3359 1433 3424 Bel·

232 3461 378 3522 vscensis
394 3459 567 3543 episcopus
582 3459 852 3544 metropolitanus
875 3470 909 3523 et
930 3481 1079 3523 summus
1102 3461 1258 3544 pontifex,
1273 3459 1432 3546 plenaque

231 3559 344 3646 populi
360 3559 553 3626 maledictio.
599 3561 664 3626 Sed
679 3581 764 3625 caeco
778 3572 908 3645 ponunt
929 3562 1171 3640 offendiculum,
1187 3573 1220 3626 et
1234 3562 1432 3627 maledicunt

234 3663 332 3726 surdo
343 3687 353 3741 3
377 3662 617 3727 dissimulanter
626 3665 712 3729 enim
724 3673 759 3728 et
772 3663 969 3748 indignando
981 3665 1168 3748 permansit,
1184 3665 1295 3728 oculos
1309 3664 1433 3730 habens

230 3773 265 3828 et
279 3787 345 3829 non
360 3765 487 3844 videns,
502 3787 595 3830 aures
617 3765 741 3831 habens
757 3775 791 3830 et
812 3788 879 3830 non
902 3767 1048 3831 audiens.
1093 3767 1202 3832 Placet
1217 3767 1315 3852 igitur
1329 3767 1430 3850 impio

233 3867 367 3931 domino
392 3889 504 3932 servus
532 3891 682 3954 nequam,
711 3890 808 3954 quem
839 3869 994 3955 sanguine
1020 3870 1133 3955 replet,
1160 3872 1312 3935 cadavere
1339 3870 1431 3948 ditat,

234 3971 358 4034 saevitia
373 3971 444 4056 jugi
467 3971 619 4051 laetificat,
641 3971 800 4036 indomita
826 3973 1006 4057 complacet
1030 3972 1129 4053 rabie,
1152 3983 1186 4038 et
1209 3974 1250 4038 ad
1277 3974 1434 4039 scelerum

234 4093 368 4136 suorum
384 4072 565 4138 satiandam
580 4074 718 4139 esuriem
734 4085 839 4140 castra
855 4076 921 4139 suis
940 4075 1054 4160 implet
1068 4077 1290 4164 complicibus.
1337 4075 1435 4140 Malis

279 4195 392 4240 cauo.
417 4197 491 4240 soc.
1239 4203 1261 4244 r
