3608 4862
386 545 429 619 74
820 549 1008 597 uunnrnsr
1023 549 1143 595 nnrns
1398 547 1517 611 [uictine.
1531 543 1568 594 11.

389 713 538 798 Cumque
564 709 621 774 diu
644 713 809 773 teneretur
841 703 874 768 in
899 701 1037 768 vinculis
1062 701 1180 781 Lucas,
1203 697 1314 765 retulit
1334 698 1375 764 ab
1399 697 1586 765 Alexandro

389 838 475 902 papa
488 813 616 879 tertio*
631 810 762 899 quidam
777 808 899 873 amicus
914 807 985 891 ejus
1000 806 1108 870 literas
1122 804 1322 869 liberationis
1337 805 1409 890 ejus
1423 803 1464 867 ad
1478 803 1587 888 ipsum

389 918 425 982 in
440 939 598 983 carcerem
616 913 741 980 occulte
756 912 796 975 ad
811 931 919 996 regem
935 909 1060 987 missas,
1081 907 1199 994 quibus
1221 908 1405 972 nullatenus
1419 907 1470 970 uti
1484 903 1588 971 voluit

392 1021 511 1100 Lucas,
535 1020 646 1084 audito
662 1015 750 1104 quod
764 1013 935 1078 duodecim
956 1011 1158 1077 denariorum
1181 1011 1405 1076 constitissent
1423 1019 1462 1074 ut
1475 1029 1588 1074 omnes

393 1123 463 1188 aliae
476 1123 581 1189 solent
596 1123 636 1186 ad
648 1119 781 1198 bullam,
793 1117 903 1182 dicens
919 1138 953 1181 se
968 1115 1054 1180 nolle
1069 1136 1127 1200 per
1138 1114 1309 1179 simoniam
1319 1111 1458 1179 liberari.
1501 1115 1589 1197 Ape-

394 1225 460 1291 ruit
483 1236 592 1290 autem
615 1221 678 1288 sibi
700 1220 864 1286 Dominus
887 1240 1046 1283 carcerem
1071 1217 1123 1282 die
1154 1217 1298 1299 Paschae,
1321 1218 1400 1281 dum
1419 1217 1591 1282 interesset

390 1323 452 1392 ¹rex
476 1327 585 1392 missae
608 1323 745 1391 solenni.
790 1321 930 1386 Intravit
953 1320 1052 1406 igitur
1076 1321 1181 1384 Lucas
1207 1321 1363 1406 capellam
1388 1341 1462 1385 cum
1488 1317 1590 1382 multa

397 1429 543 1494 omnium
558 1427 780 1505 admiratione,
795 1425 950 1510 altarique
965 1425 1068 1489 nudat
1081 1423 1218 1505 mantili,
1236 1421 1424 1506 ceterisque
1438 1414 1589 1505 projectis

396 1529 576 1608 ornatibus,
591 1549 698 1594 coram
713 1549 807 1593 cruce
829 1527 924 1612 juxta
938 1548 1047 1612 regem
1062 1529 1230 1614 stupidum
1245 1525 1460 1609 timidumque
1475 1521 1521 1586 sic
1535 1518 1591 1599 ait,

397 1633 575 1697 “Domine
593 1632 710 1711 ihesu,
735 1632 828 1717 cujus
842 1631 1108 1696 resurrectionem
1130 1653 1228 1696 nemo
1247 1639 1365 1714 praeter
1390 1624 1592 1690 Christianos

398 1734 513 1798 asserit
534 1734 568 1798 in
590 1734 710 1798 virtute
732 1755 795 1818 qua
818 1733 995 1815 surrexisti,
1011 1733 1038 1798 si
1061 1735 1194 1820 dignum
1216 1735 1303 1798 hunc
1317 1752 1425 1816 regem
1447 1739 1504 1792 tua
1517 1725 1595 1791 risi·

401 1837 525 1901 tatione
540 1836 730 1916 decreveris,
751 1846 841 1902 verte
863 1835 999 1922 impium
1022 1846 1148 1903 utnon
1170 1838 1223 1918 sit,
1239 1837 1289 1902 sin
1312 1845 1420 1899 autem
1442 1831 1476 1896 in
1496 1848 1595 1894 manu

400 1938 476 2004 sorti
492 1948 525 2003 et
550 1938 682 2004 dextera
708 1937 884 2004 Pharaonis
906 1937 1019 2004 ultrice
1042 1939 1076 2005 in
1095 1941 1148 2004 his
1169 1939 1378 2027 quadraginta
1393 1933 1508 2001 diebus
1523 1955 1596 1997 sen-

399 2041 460 2107 tiat
473 2043 507 2106 in
528 2065 623 2129 quem
640 2041 837 2107 transfixit.''
880 2041 926 2106 Et
940 2063 1088 2128 egressus
1103 2044 1269 2129 capellam,
1283 2043 1401 2107 iterum
1420 2038 1462 2104 ab
1476 2035 1594 2122 iniquis

398 2146 624 2212 executoribus
653 2146 780 2211 arctiori
811 2145 984 2231 deputatus
1013 2155 1064 2211 est
1100 2147 1267 2228 custodire,
1295 2145 1458 2231 patienter
1488 2141 1596 2206 omnia

398 2247 515 2331 ferens,
530 2249 564 2314 in
580 2249 780 2315 orationibus
795 2259 829 2314 et
842 2249 936 2313 laude
960 2247 1095 2314 Domini
1118 2250 1196 2336 vigil
1219 2260 1251 2315 et
1268 2249 1428 2314 assiduus.
1472 2247 1519 2312 Et
1531 2246 1597 2310 fac·

397 2360 470 2416 tum
484 2363 535 2418 est
556 2362 595 2418 ut
608 2363 684 2418 ante
699 2353 785 2418 diem
808 2352 1087 2438 quadragesimum
1108 2375 1166 2418 rex
1187 2354 1359 2420 moriretur
1379 2350 1597 2438 irnpoenitens.

400 2455 563 2522 Successit
585 2457 615 2522 ei
637 2458 735 2521 frater
757 2457 827 2543 ejus
849 2455 997 2534 unicus,†
1020 2457 1173 2522 violentia
1195 2457 1326 2543 equalis
1343 2455 1453 2542 priori.
1498 2455 1597 2519 Hunc

398 2557 496 2623 etiam
511 2561 629 2638 Lucas,
645 2561 728 2624 datis
751 2559 962 2645 quadraginta
987 2557 1112 2625 dierum
1135 2560 1284 2640 induciis,
1303 2558 1464 2625 interfecit
1483 2557 1598 2644 spiritu

399 2661 465 2725 oris
481 2663 532 2727 sui
545 2663 580 2728 in
594 2663 686 2749 ipsis,
701 2683 903 2748 puerumque
922 2661 1051 2747 justum
1073 2665 1263 2744 haeredem1
1287 2685 1361 2728 cum
1384 2661 1474 2727 omni
1492 2661 1597 2727 solen-

400 2761 502 2830 nitate
515 2766 669 2851 injuuxit‚
692 2767 784 2851 cujus
808 2764 982 2850 pueritiam
1002 2766 1108 2831 Lucas
1131 2789 1205 2832 cum
1228 2788 1355 2832 summa
1370 2763 1598 2852 tranquillitate

400 2868 566 2953 transegit,
592 2877 626 2932 at
650 2869 858 2954 juventutem
883 2889 951 2932 non
980 2890 1081 2954 aeque.
1126 2872 1198 2936 Rex
1223 2870 1311 2936 enim
1339 2870 1443 2934 factus
1468 2868 1598 2955 juvenis

399 2969 599 3056 amplectens
614 2968 727 3033 altiora
740 2991 837 3053 quam
853 2967 1012 3036 sustinere
1035 2972 1167 3054 valeret,
1187 2997 1221 3040 re
1244 2995 1304 3038 sua
1327 2972 1506 3052 deficiente,
1522 2992 1599 3057 pos·

401 3073 563 3138 sessiones
578 3071 808 3138 ecclesiasticas
823 3071 998 3158 dilapidare
1012 3096 1079 3139 non
1094 3076 1230 3142 horruit.
1275 3076 1383 3143 Quem
1403 3075 1510 3140 Lucas
1524 3083 1600 3160 post

400 3177 521 3242 multas
535 3176 720 3242 lacrimosas
742 3175 968 3256 amonitiones,
992 3176 1257 3246 obstinatissime
1278 3178 1463 3265 pertinaciae
1485 3178 1599 3243 videns

401 3281 509 3346 flendo
533 3279 671 3366 subjecit
694 3278 901 3359 anathemati,
927 3287 961 3343 et
986 3279 1097 3346 multis
1121 3305 1181 3368 pro
1204 3306 1243 3348 eo
1266 3283 1348 3346 fusis
1367 3281 1409 3346 ad
1433 3280 1600 3346 Christum

400 3383 562 3470 precibus,
584 3381 703 3447 meruit
716 3383 746 3447 ei
770 3380 876 3447 aDeo
899 3383 1033 3468 gratiam
1057 3394 1095 3448 ut
1108 3385 1195 3451 bona
1218 3385 1409 3472 prenitentia
1428 3383 1545 3448 ductus
1560 3383 1601 3446 ad

402 3488 569 3553 ecclesiam
585 3486 755 3570 strigoniae
775 3495 973 3571 properaret,
994 3486 1177 3554 satisfactus
1200 3512 1260 3575 pro
1285 3499 1364 3554 voto
1384 3489 1493 3555 Lucae.
1540 3485 1602 3550 Cui

404 3594 511 3658 Lucas
537 3613 612 3658 cum
636 3590 724 3655 omni
751 3589 837 3654 clero
859 3598 894 3653 et
915 3589 1038 3675 populo
1064 3593 1189 3659 solenni
1203 3593 1363 3679 processit
1385 3591 1501 3656 obvius
1522 3589 1603 3655 laeti·

436 3745 452 3779 *
475 3746 542 3810 Pope
561 3744 701 3794 Alexander
723 3741 776 3792 111.
800 3739 919 3803 occupied
942 3741 986 3790 the
1018 3747 1135 3810 usurped.
1171 3747 1211 3798 Hs
1223 3748 1278 3798 died
1290 3743 1360 3810 April
1374 3749 1413 3806 13,
1432 3743 1504 3796 1173.

404 3829 478 3894 papo
489 3827 632 3877 christon
645 3829 748 3878 1¹⁵9t0
761 3826 833 3872 ¹18¹·
1053 3829 1067 3887 ι
1084 3828 1145 3878 aaa
1157 3829 1209 3879 ιιι.
1222 3843 1357 3892 ryonger
1368 3841 1414 3876 ron
1429 3825 1458 3876 or
1475 3825 1550 3874 oeus
1563 3823 1602 3872 11.

438 3915 454 3973 †
473 3910 591 3972 St⁸l³l¹0¹¹=
603 3909 646 3958 th0
656 3908 756 3956 broffillf
767 3905 795 3953 ⁰s
807 3904 927 3963 hdlfllssr
939 3919 988 3954 Μ
1020 3913 1075 3963 who
1087 3928 1136 3962 uras
1146 3911 1233 3976 placed
1244 3927 1277 3960 on
1289 3911 1332 3960 the
1343 3911 1432 3959 throne
1443 3906 1473 3956 of
1482 3906 1604 3970 Hungery

406 3989 566 4042 crownedon
583 3990 626 4038 the
643 3989 705 4039 ioth
723 3986 783 4036 Feb.
804 3988 877 4044 1172,
895 3986 988 4034 audon
1020 3993 1262 4044 ,stertmegthof
1276 3989 1529 4054 hnmdesuphen.
1564 3987 1605 4036 He

407 4073 451 4122 tha
460 4072 520 4121 lstlr
531 4071 560 4119 of
568 4070 634 4120 June
646 4069 770 4132 following
780 4068 869 4117 hanes
877 4066 988 4117 ddmted
1020 4077 1077 4129 died
1087 4079 1113 4127 in
1125 4075 1197 4130 1196,

408 4153 458 4204 aad
469 4153 553 4202 driven
563 4151 627 4200 from
638 4150 681 4200 the
692 4149 782 4198 throne
798 4148 880 4198 which
893 4147 925 4197 ha
939 4147 989 4196 had
