3650 4852
370 495 390 556 8
804 505 994 553 nnnnrnnr
1019 503 1140 550 naras
1404 501 1528 566 [nonna
1541 499 1564 549 1.

371 705 406 762 et
419 695 562 781 placant,
578 693 748 760 dominum
768 713 865 778 quem
880 713 948 758 non
971 689 1086 756 vident
1111 687 1276 754 offendere
1297 707 1365 752 non
1388 692 1582 752 metuentes.

371 799 450 864 Non
459 798 617 883 dicoquin
628 795 788 862 multiviri
800 793 1079 875 timorati,boniet
1086 791 1181 878 justi,
1189 789 1364 855 nobiscum
1374 789 1584 855 involvantur

370 901 406 966 in
415 900 578 980 corianae
588 897 666 985 quin
676 896 775 983 aliqui
784 895 851 960 sint
861 895 895 960 in
903 895 1054 961 hacvalle
1063 893 1201 959 miserioe
1207 891 1336 978 judices
1343 891 1582 968 misericordiae,

373 1003 431 1069 sed
447 1003 627 1069 secundum
643 1000 799 1086 majorem
821 1009 855 1064 et
868 998 1065 1064 insaniorem
1080 996 1195 1082 loquor
1209 995 1323 1062 aciem.

733 1205 985 1288 Decerminibus
996 1206 1108 1268 noctis.
1157 1201 1219 1287 [ιι]

417 1361 503 1426 Sunt
517 1368 551 1425 et
564 1357 612 1424 ibi
625 1354 770 1444 germina
784 1355 891 1423 noctis
906 1366 1037 1435 noctua,
1052 1353 1253 1441 nycticorax,
1277 1353 1398 1438 vultur,
1424 1367 1459 1422 et
1482 1355 1584 1438 bubo,

373 1485 512 1549 quornm
528 1461 614 1527 oculi
643 1459 795 1525 tenebras
817 1467 940 1538 emant,
964 1458 1104 1524 oderunt
1127 1457 1244 1522 lucem.
1290 1456 1350 1522 Hii
1375 1457 1512 1525 certiore
1530 1459 1585 1544 ju·

371 1567 492 1632 bentur
516 1563 627 1630 rimari
650 1563 786 1629 solerter
813 1570 847 1627 et
868 1563 986 1626 referre
1009 1559 1166 1626 veraciter
1192 1558 1272 1644 quid
1294 1559 1373 1626 novi
1397 1582 1440 1627 ex
1463 1560 1584 1628 virtute

371 1669 427 1740 vel
440 1666 505 1733 diei
520 1665 698 1751 contingat,
713 1663 848 1750 quidex
861 1663 943 1731 vitio
957 1664 1011 1730 vel
1025 1663 1131 1730 noctis
1147 1663 1211 1728 diei
1226 1663 1472 1732 condemnetur.
1516 1663 1584 1731 Qui

375 1779 487 1836 tamen
502 1776 666 1835 accuratas
682 1765 802 1852 ubique
816 1776 943 1852 ponant
963 1765 1109 1846 insidias,
1132 1767 1281 1832 loetorem
1302 1766 1496 1832 cadaverum
1518 1767 1587 1834 avi-

375 1871 508 1936 dissime
524 1879 700 1951 sectantur,
726 1869 845 1956 quibus
869 1869 993 1936 voratis
1018 1869 1125 1936 tacitis
1145 1877 1179 1936 et
1202 1869 1324 1950 celetis,
1350 1870 1499 1956 quamvis
1524 1870 1586 1936 ulia

376 1975 551 2046 redeuntes
566 1983 731 2053 accusant,
745 1983 864 2059 proeter
878 1995 917 2038 ea
938 1994 1011 2059 quar
1034 1972 1098 2038 sibi
1121 1973 1162 2038 de
1186 1971 1356 2038 lenocinio
1377 1972 1516 2037 latenter
1528 1995 1587 2060 ap-

377 2085 505 2165 parant.
543 2075 652 2142 Mittit
666 2076 763 2143 etiam
778 2077 849 2142 haec
864 2075 952 2141 curia
973 2097 1055 2162 quos
1072 2086 1168 2142 vocat
1186 2073 1345 2161 justicias,
1368 2074 1586 2158 vicecomites,

378 2178 659 2260 subvicecomites‚
673 2179 831 2259 bedellos,
841 2189 879 2244 ut
891 2187 1077 2244 scrutentur
1087 2187 1210 2264 argute.
1255 2177 1314 2242 Hii
1332 2177 1413 2243 nihil
1426 2177 1587 2244 intactum

377 2283 541 2370 linquunt,
574 2283 657 2348 nihil
681 2282 889 2364 intentatum,
919 2293 953 2350 et
977 2305 1075 2370 apum
1101 2283 1204 2349 instar
1226 2281 1412 2348 innocentia
1435 2282 1588 2367 puniunt»

377 2396 493 2453 venter
506 2395 615 2452 tamen
635 2385 912 2473 evaditimpune3
946 2386 1091 2452 insident
1104 2385 1252 2466 floribus,
1275 2395 1313 2450 ut
1335 2383 1440 2450 mellis
1466 2385 1586 2472 aliquid

379 2489 519 2569 eliciant,
534 2499 568 2555 et
582 2498 692 2554 tamen
706 2488 741 2553 in
756 2489 929 2574 potestatis
945 2489 1039 2555 initio
1063 2511 1172 2555 coram
1196 2511 1325 2553 summo
1343 2488 1455 2576 judice
1476 2489 1589 2573 jurent

380 2593 468 2676 qnod
493 2590 633 2655 fideliter
661 2600 695 2657 et
719 2591 916 2657 indemniter
942 2590 1075 2656 domino
1099 2590 1331 2656 ministrabunt
1356 2599 1389 2654 et
1418 2589 1492 2671 sibi,
1515 2591 1589 2656 red-

381 2692 497 2758 dentes
513 2713 585 2778 quae
601 2703 680 2759 sunt
693 2693 832 2758 (laeseris
858 2693 989 2774 Caesari,
1012 2715 1084 2780 qum
1113 2693 1177 2758 Dei
1203 2693 1309 2759 Deo*
1354 2693 1491 2759 Praemia
1515 2715 1589 2780 per-

381 2803 595 2876 vertunteos3
611 2805 650 2861 ut
660 2796 839 2860 avellentur
848 2796 889 2861 ab
899 2796 990 2882 agnis
1000 2797 1128 2876 vellera,
1139 2797 1255 2882 vulpes
1265 2795 1375 2862 illoesae
1385 2796 1588 2884 linquantnr3

382 2919 455 2982 quae
470 2896 616 2982 probatae
631 2907 709 2963 sunt
723 2907 869 2984 argento,
884 2898 1023 2963 ndentes
1050 2899 1136 2984 quod
1160 2919 1212 2964 res
1236 2908 1288 2964 est
1311 2898 1478 2985 ingeniosa
1501 2899 1588 2966 dare.

383 2998 425 3063 In
440 2999 579 3064 inscitiis
594 3011 703 3066 autem
718 3000 813 3066 dictis
828 3002 1019 3087 plerumque
1034 3001 1140 3067 clerici
1163 3000 1252 3066 laicis
1277 3001 1514 3070 immunitiones
1539 3001 1590 3066 in-

381 3101 570 3170 veniuntur.
615 3103 719 3190 Cujus
733 3125 794 3190 ego
809 3103 855 3168 rei
869 3103 1029 3169 rationem
1043 3126 1111 3170 non
1136 3104 1293 3190 intelligo,
1318 3105 1380 3171 nisi
1407 3105 1495 3192 quod
1519 3105 1590 3170 viro

314 3281 317 3290 Ι
383 3204 486 3272 nobili
502 3205 666 3272 Randulfo
682 3207 723 3272 de
742 3205 961 3291 G[l]anvilla†
976 3207 1141 3292 respondi,
1150 3207 1307 3294 quaerenti
1316 3230 1373 3273 cur
1382 3209 1457 3288 hoc,
1466 3207 1589 3274 scilicet

384 3309 473 3396 quod
508 3309 657 3396 generosi
683 3310 826 3397 partium
862 3318 1047 3375 nostrarum
1085 3319 1142 3376 aut
1170 3310 1391 3396 dedignantur.
1418 3321 1476 3378 aut
1506 3312 1589 3399 pigri

384 3422 463 3479 aunt
477 3412 638 3499 applicare
652 3412 754 3480 literis
768 3411 889 3480 liberos
903 3435 992 3493 suos,
1014 3436 1088 3480 cum
1104 3413 1181 3478 solis
1204 3413 1312 3480 liberis
1335 3415 1376 3480 de
1398 3416 1472 3502 jure
1494 3413 1591 3481 liceat

379 3603 382 3608 ’
418 3632 434 3663 ·
449 3631 671 3694 neaeman,
684 3633 823 3684 uma
846 3633 886 3694 rr,
907 3632 971 3684 nuo.
1005 3629 1591 3692 mutoaorsrnnes,arnmun0ktaa

384 3728 427 3764 xx.
439 3715 481 3764 25.
1006 3713 1306 3778 Soon'shkingprisoner.
1340 3714 1595 3765 Asterthedeatlrol

417 3793 436 3852 †
452 3795 570 3856 Bentleii,
582 3811 612 3846 or
623 3795 726 3853 honis,
738 3795 769 3845 de
781 3795 912 3856 Glsnrille,
924 3812 973 3845 was
1005 3795 1066 3860 king
1078 3796 1165 3860 Henry
1175 3797 1207 3846 lia
1223 3797 1401 3862 socompsnied
1411 3797 1473 3860 king
1483 3795 1591 3847 Richerd

386 3877 973 3942 sgreatlarouritaolllanryllarhomadehim
1006 3882 1033 3927 to
1053 3879 1095 3928 tire
1115 3879 1183 3944 Holy
1202 3877 1283 3939 Laud,
1301 3879 1351 3929 and
1368 3879 1461 3929 diodst
1472 3880 1515 3928 tha
1526 3879 1592 3943 siege

387 3956 774 4022 grandjnstlciaryolllngland.
809 3961 911 4011 Herm
926 3975 974 4010 one
1006 3960 1036 4010 ol
1051 3962 1127 4012 Acro.
1160 3961 1184 4010 Α
1200 3961 1297 4011 further
1307 3966 1413 4012 account
1424 3961 1454 4011 ol
1472 3960 1525 4011 him
1541 3961 1592 4011 will

389 4037 469 4090 olthe
481 4037 573 4089 barone
583 4039 639 4089 who
662 4039 774 4090 defeated
796 4040 839 4092 tha
859 4041 932 4092 Sools
947 4042 974 4092 ln
1006 4041 1038 4092 be
1048 4041 1125 4092 {eund
1137 4045 1164 4094 in
1177 4043 1313 4108 Dugdde’s
1325 4045 1463 4108 Baronsge.
