3608 4862
426 550 488 610 142
858 563 1046 608 cunarum
1062 561 1182 607 uarss
1429 561 1550 624 [nunna.
1563 560 1609 610 lv,

422 735 529 813 Maro,
541 757 616 799 cum
641 733 771 799 Catullo
787 733 939 813 Marsus3
963 732 1098 816 vigilent
1117 741 1153 796 et
1172 730 1296 795 dictent
1312 729 1483 794 Chremlus
1498 740 1532 794 et
1547 729 1623 794 clu-

420 838 546 916 uenus,
570 837 691 902 Barius
713 845 747 900 et
768 836 918 911 Maevius,
934 845 967 900 et
991 858 1043 900 me
1069 836 1150 900 nihil
1172 836 1400 922 interstrepere
1425 834 1622 920 prohibebit.

419 941 547 1006 Talium
562 950 710 1026 tempora
724 949 801 1004 sunt
820 948 999 1024 poetarum.
1046 938 1227 1024 Objurgare
1247 960 1314 1002 non
1338 947 1479 1023 possunt
1503 938 1621 1017 Musae,

422 1066 482 1108 nec
496 1043 629 1129 injurias
647 1043 769 1123 ulcisci,
783 1064 844 1107 nec
863 1042 897 1106 in
919 1042 1042 1107 artibus
1065 1041 1292 1120 cantabuntur,
1308 1039 1395 1126 quod
1410 1040 1487 1104 alias
1501 1040 1621 1125 ubique

421 1147 468 1211 fit.
525 1145 604 1212 Ideo
633 1154 726 1211 tutus
751 1156 785 1210 et
809 1144 941 1209 inermis
963 1144 1130 1230 aggredior
1155 1145 1243 1230 quod
1261 1143 1473 1228 trepidabam.
1528 1143 1621 1208 Tales

419 1272 509 1315 nunc
522 1249 666 1314 iuveniat
679 1248 807 1313 libellus
821 1249 978 1327 lectores3
1000 1249 1046 1312 hii
1061 1269 1114 1312 me
1123 1257 1255 1333 poetam
1270 1246 1400 1326 facient,
1415 1248 1473 1311 sed
1493 1247 1621 1312 norisio

419 1353 512 1438 impii
525 1353 648 1439 legunt,
668 1373 735 1416 nou
756 1351 812 1431 sic,
828 1360 862 1416 et
880 1352 954 1416 ideo
970 1350 1132 1416 misellum
1146 1352 1236 1415 hunc
1255 1349 1471 1430 ventilabunt,
1487 1359 1526 1415 ut
1548 1350 1619 1436 pul·

417 1476 550 1534 rerem3
572 1453 713 1518 oderunt
734 1453 822 1518 enim
844 1463 1018 1537 antequam
1040 1453 1211 1532 audierint,
1225 1452 1428 1537 vilipendent
1447 1461 1618 1536 antequam

418 1558 615 1645 appendant,
628 1556 777 1622 invident
789 1558 977 1642 priusquam
992 1557 1135 1622 videant.
1179 1555 1362 1621 Incidentia
1376 1577 1453 1621 vero
1468 1555 1494 1619 si
1508 1563 1619 1621 notare

417 1665 466 1727 las
481 1671 542 1739 est,
557 1659 670 1725 incidit
685 1660 824 1725 amioum
838 1660 947 1741 habui,
963 1661 1068 1726 virum
1081 1661 1157 1725 vitre
1173 1659 1416 1744 philosophicae,
1433 1681 1530 1744 quem
1544 1667 1618 1744 post

416 1766 514 1850 longa
527 1773 674 1848 tempora
685 1763 867 1849 multasque
882 1763 1083 1830 visitationes
1099 1763 1252 1829 annotavi
1267 1762 1367 1826 semel
1380 1761 1506 1841 habitu,
1515 1771 1618 1846 gestu,

416 1868 573 1952 vultuque
588 1874 761 1946 mutatum,
778 1865 1006 1953 suspiciosum,
1021 1867 1190 1953 pallidum,
1204 1866 1325 1930 lautius
1349 1874 1459 1930 nmen
1483 1865 1617 1941 cultum,

412 1971 601 2056 loquentem
616 1969 742 2055 parcius
758 1980 792 2034 et
805 1971 946 2055 grarim,
968 1971 1100 2036 insolita
1125 1969 1290 2034 simultate
1313 1966 1513 2053 superbum3
1536 1967 1616 2052 pris·

411 2075 481 2140 tina
494 2073 632 2160 perierat
645 2074 770 2153 facetia,
786 2095 977 2162 morosaque
988 2074 1196 2160 jocunditas3
1219 2095 1341 2158 aegrum
1364 2094 1400 2137 se
1423 2071 1563 2150 dicebat,
1582 2077 1616 2134 et

412 2179 616 2243 malesanus
642 2185 720 2242 erat.
766 2175 952 2261 solivagum
978 2176 1059 2256 vidi,
1084 2197 1220 2261 meaque
1249 2183 1408 2260 quantum
1437 2173 1615 2240 reverentia

412 2282 477 2346 mei
492 2279 619 2345 sinebat
633 2279 847 2344 declinantem
863 2279 1012 2364 alloquia.
1045 2278 1181 2344 Veneris
1197 2278 1399 2364 arreptitium
1415 2277 1494 2343 vidi.
1518 2277 1616 2344 Quic-

414 2386 492 2471 quid
515 2385 602 2450 enim
627 2382 809 2463 videbatur,
832 2392 941 2448 totum
964 2393 1032 2448 erat
1058 2383 1158 2468 proci,
1183 2383 1266 2448 nihil
1290 2382 1488 2470 philosophi.
1533 2382 1614 2467 Spes

412 2497 521 2553 tamen
546 2498 624 2568 erat,
639 2497 677 2552 ut
701 2496 779 2573 post
803 2486 930 2572 lapsum
953 2494 1144 2570 resurgeret.
1190 2485 1403 2570 Ignoscebam
1419 2485 1507 2568 quod
1525 2485 1614 2570 iguo·

413 2600 543 2680 rabam3
566 2599 680 2663 ludum
701 2597 868 2683 putabam,
884 2606 918 2662 et
937 2606 1007 2661 erat
1029 2617 1152 2661 saevum
1173 2598 1304 2662 serium.
1349 2597 1489 2662 Uxorari
1503 2598 1614 2663 tende·

411 2699 479 2780 bat,
504 2721 572 2765 non
595 2699 713 2778 amari3
736 2699 828 2762 Mars
843 2698 975 2764 nolebat
997 2698 1077 2776 fieri,
1093 2698 1151 2764 aed
1173 2698 1345 2764 Mulciber.
1389 2698 1514 2763 Tamen
1536 2697 1614 2764 mihi

411 2825 504 2870 mens
530 2802 660 2883 excidit,
675 2811 708 2867 et
733 2803 808 2887 quia
836 2802 919 2865 mori
944 2801 1108 2888 pergebat,
1124 2803 1357 2868 commoriebar
1382 2803 1422 2868 ei.
1468 2804 1612 2868 Locutus

410 2929 484 2972 sum
498 2917 532 2970 et
546 2906 705 2990 repulsus.
752 2904 831 2968 Misi
845 2905 901 2990 qui
923 2904 1143 2990 loquerentur,
1163 2916 1197 2970 et
1216 2915 1254 2970 ut
1278 2906 1384 2971 noluit
1407 2927 1464 2970 eos
1491 2905 1611 2984 audire,

412 3009 489 3088 dixi,
512 3011 533 3043 “
549 3009 630 3072 Fara
644 3005 785 3092 pessima
800 3007 968 3071 devoravit
981 3007 1114 3071 unicum
1138 3028 1259 3087 meum,
1275 3017 1309 3072 et
1331 3016 1370 3072 ut
1396 3029 1511 3072 omnes
1535 3008 1613 3073 ami-

410 3113 495 3180 citioe
508 3111 596 3177 vices
611 3111 790 3197 implerem,
805 3111 977 3196 epistolam
992 3111 1022 3176 ei
1038 3111 1165 3196 scripsi,
1179 3113 1314 3176 mutatis
1330 3112 1521 3177 nominibus
1537 3135 1611 3178 nos·

409 3217 479 3294 tris,
496 3237 548 3281 me
562 3215 618 3302 qui
632 3215 797 3280 Walters·
820 3237 895 3278 sum
916 3213 1081 3279 Valerium
1099 3235 1230 3296 vocans,
1246 3215 1356 3300 ipsum
1371 3215 1428 3300 qui
1442 3216 1465 3282 J
1466 3217 1611 3281 ohannes

409 3330 460 3386 est
474 3327 508 3384 et
521 3321 613 3383 rufus
629 3318 796 3384 Rufinum.
842 3317 1041 3383 Praetitulavi
1055 3317 1228 3404 epistolam
1245 3319 1323 3384 sic*

431 3545 601 3610 Dhauoaio
622 3545 740 3608 Valerii
755 3544 799 3607 ud
813 3543 1183 3627 Rufinumphilosopbum
1197 3564 1235 3608 aa
1249 3563 1377 3608 onmem
1392 3545 1498 3609 ducat.
1546 3543 1590 3609 iii.

452 3685 559 3771 Loqui
574 3684 749 3770 prohibeor
775 3692 809 3747 et
828 3692 935 3748 tacere
950 3706 1017 3748 non
1032 3705 1179 3768 possum.
1225 3682 1333 3749 Grues
1360 3683 1414 3748 odi
1438 3693 1472 3747 et
1497 3706 1609 3750 vocem

407 3787 517 3866 ululae,
540 3785 706 3850 bubonem
722 3793 755 3849 et
769 3807 846 3848 aves
862 3794 1006 3864 caeteras,
1022 3807 1094 3870 quae
1109 3785 1226 3850 lutosoe
1246 3785 1373 3872 hyemis
1397 3785 1609 3870 gravitatem

406 3889 554 3954 luctuose
571 3888 785 3974 praeululant3
809 3897 843 3951 ct
857 3896 894 3951 tu
910 3886 1090 3953 subsannas
1110 3889 1239 3953 venturi
1259 3889 1410 3954 vaticinia
1436 3889 1609 3976 dispendii,

422 4029 438 4062 ¹*
454 4028 515 4076 Thia
531 4028 618 4091 epistls
629 4043 731 4091 appears
742 4033 769 4076 to
780 4027 916 4076 herebach
927 4043 987 4092 very
1019 4027 1077 4076 MS.
1091 4028 1273 4078 brandellio.
1295 4033 1334 4087 lt,
1347 4031 1397 4078 and
1415 4029 1475 4079 MS.
1498 4030 1608 4092 Bethar,

405 4110 519 4176 popular,
531 4108 569 4157 for
577 4110 628 4158 itis
639 4110 690 4157 still
705 4109 783 4158 found
798 4110 825 4156 iu
837 4125 851 4157 a
862 4108 985 4158 consider·
1019 4108 1070 4158 No.
1082 4111 1140 4159 36⁰.
1176 4111 1201 4159 It
1211 4127 1261 4160 was
1272 4113 1371 4174 printed
1388 4127 1479 4175 among
1495 4113 1539 4161 the
1550 4126 1607 4175 snp-

405 4193 460 4241 able
475 4191 580 4238 number
589 4191 618 4238 οι
632 4189 709 4237 MSS.
743 4191 769 4238 1t
779 4191 801 4238 ir
812 4191 870 4238 hare
882 4191 986 4240 collated
1018 4191 1139 4254 positious
1150 4192 1232 4240 works
1244 4191 1272 4240 oi
1282 4191 1319 4240 St.
1332 4193 1441 4242 Jerome.

404 4273 462 4324 with
478 4277 526 4320 two
544 4269 620 4318 MSS.
639 4270 664 4317 in
683 4271 726 4319 the
749 4271 842 4320 Britirh
859 4271 986 4332 Murcum,
1052 4277 1068 4336 †
1086 4275 1245 4332 latratorem,
1259 4273 1315 4322 MS.
1328 4273 1424 4323 Aruud.
