3610 4852
396 1094 622 1177 Thefcllowlng
633 1099 795 1180 fragment
808 1101 846 1180 os
860 1102 975 1162 Walter
989 1101 1098 1180 Mopse
1117 1103 1142 1162 is
1155 1101 1259 1182 found
1271 1099 1396 1162 ennead
1407 1103 1438 1160 in
1453 1121 1493 1160 an
1507 1099 1592 1177 early

546 1194 622 1254 MS.
636 1196 756 1256 without
768 1217 828 1276 any
842 1197 1095 1276 indicationfrom
1108 1197 1221 1257 whence
1235 1197 1258 1257 t
1271 1217 1331 1256 wne
1345 1196 1445 1256 taken.

498 1395 585 1453 [From
597 1395 655 1444 MS.
670 1397 716 1446 130
727 1399 752 1445 iu
765 1397 862 1462 Corpus
873 1398 968 1447 christi
980 1397 1088 1460 College.
1123 1396 1217 1460 copied
1227 1398 1254 1445 in
1266 1395 1323 1445 ΜΒ.
1335 1395 1419 1446 Jemes
1429 1396 1486 1458 39.]

435 1509 487 1572 Ex
511 1509 606 1573 dietis
621 1511 676 1575 W.
697 1513 789 1597 Map.
836 1512 941 1577 Cerva
954 1512 1081 1598 fugiens
1105 1511 1219 1576 efeoie
1233 1521 1435 1590 venatorum,
1461 1510 1592 1576 divertit

390 1609 423 1672 in
441 1611 561 1676 curiam
578 1614 749 1698 cujusdem
765 1615 885 1694 divitis,
901 1616 1055 1701 stetitque
1067 1615 1108 1678 ed
1119 1636 1265 1700 proesepe
1276 1615 1361 1679 inter
1371 1613 1483 1678 boves.
1528 1613 1592 1678 Cui

393 1735 476 1778 unus
503 1713 563 1779 bos
590 1717 646 1796 eit,
669 1717 820 1782 “Veniet
841 1717 1003 1784 bubulcus
1024 1728 1058 1783 et
1080 1740 1154 1783 oum
1169 1717 1294 1782 videret
1309 1726 1352 1795 te,
1379 1717 1505 1782 occidet
1526 1717 1592 1782 te.''

393 1816 577 1902 Respondit
588 1841 691 1897 cerva,
715 1823 735 1857 “
745 1821 823 1884 Non
837 1821 936 1886 timeo
948 1821 1138 1898 bubulcum,
1149 1841 1256 1885 coecus
1268 1820 1355 1886 enim
1367 1820 1449 1884 est.''
1492 1819 1593 1884 Venit

391 1916 561 1996 bubulcus,
578 1919 684 1984 bobus
700 1923 853 2007 opposuit
867 1923 968 2001 cibos,
990 1934 1024 1987 et
1042 1944 1168 1987 cervam
1184 1943 1251 1985 non
1267 1920 1379 1985 videns
1395 1923 1590 2007 pertransiit.
1607 2001 1608 2005 Ἰ

392 2019 514 2086 Iterum
531 2024 613 2090 dixit
628 2024 688 2090 bos
711 2025 752 2089 ad
773 2034 912 2106 cervom,
934 2027 1087 2091 “Veniet
1111 2025 1307 2110 praepositus
1330 2035 1364 2089 et
1386 2024 1512 2090 occidet
1525 2025 1590 2091 te.”

390 2127 434 2189 At
449 2126 514 2206 ille,
537 2133 557 2164 “
569 2129 647 2194 Non
668 2129 766 2194 timeo
789 2129 1011 2216 proepositum,
1027 2130 1116 2194 videt
1139 2127 1216 2214 quid
1240 2128 1418 2213 paululum,
1441 2129 1499 2193 sed
1515 2129 1591 2193 sub-

390 2228 559 2296 obscure.’'
603 2233 703 2297 Venit
717 2233 911 2317 praepositus
935 2233 1077 2297 clemens
1104 2231 1144 2294 ed
1168 2229 1357 2308 bubulcum,
1384 2231 1591 2297 “Quomodo

390 2343 467 2396 eunt
492 2333 640 2400 boves?'’
694 2335 762 2414 Ait,
789 2335 989 2418 “Optime''
1046 2334 1217 2420 Ingressus
1242 2344 1276 2398 et
1304 2334 1471 2399 excutiens
1500 2334 1590 2400 cibos

389 2455 512 2516 eorum,
537 2448 570 2502 et
584 2439 676 2525 quasi
692 2439 840 2503 hortatus
856 2449 894 2502 ut
909 2438 1091 2518 comedent,
1114 2436 1257 2502 recessit.
1300 2436 1410 2501 Tertio
1433 2437 1515 2501 dixit
1528 2436 1590 2502 bos

389 2537 431 2601 ed
445 2561 583 2620 cervom,
605 2543 757 2607 “Veniet
772 2542 924 2606 dominus
939 2551 1061 2621 noster,
1087 2552 1122 2605 et
1147 2563 1222 2605 cum
1237 2540 1355 2605 viderit
1376 2549 1409 2604 te
1431 2540 1590 2606 occidet.'’

390 2639 483 2705 Dixit
494 2663 598 2721 cerve,
620 2643 751 2707 “Absit
766 2643 772 2707 !
788 2643 893 2708 absit!
917 2665 1083 2727 nunquam
1095 2643 1159 2707 huc
1169 2642 1279 2706 veniat
1291 2641 1442 2706 dominus
1452 2641 1569 2707 domus
1585 2641 1591 2704 Ι

388 2741 470 2806 nihil
484 2745 570 2809 enim
587 2746 694 2812 fellere
711 2757 819 2831 potest
834 2747 944 2812 oculos
959 2746 1078 2810 illius.''
1123 2745 1267 2830 Vespere
1282 2745 1380 2830 igitur
1395 2746 1492 2825 fecto,
1508 2747 1589 2811 dixit

388 2847 540 2913 dominus
567 2872 672 2929 servo,
694 2855 714 2888 ‘⁴
726 2851 876 2916 Acoende
896 2851 1071 2927 lucernam,
1086 2850 1203 2928 vadam,
1219 2850 1327 2914 videre
1342 2848 1443 2916 boves
1465 2850 1588 2915 meos.''

389 2947 611 3034 Introgressus
626 2952 724 3036 igitur
738 2953 953 3036 perordinem
967 2951 1110 3037 singulos
1119 2950 1220 3016 boves
1232 2951 1322 3030 adiit,
1334 2951 1424 3016 cibos
1436 2954 1588 3032 excussit,

388 3073 520 3116 monum
545 3075 604 3138 per
627 3055 753 3138 spinam
781 3055 868 3119 dorsi
893 3055 985 3140 quasi
1011 3055 1237 3140 applaudendo
1261 3065 1296 3119 et
1319 3055 1460 3119 fovendo
1484 3055 1588 3134 duxit,

387 3157 518 3241 proprio
544 3159 675 3222 nomine
702 3167 739 3222 ut
762 3159 969 3224 comederent
991 3160 1129 3224 monuit.
1172 3160 1227 3224 Ad
1251 3169 1431 3225 extremum
1454 3160 1587 3224 veniens

386 3260 444 3324 ubi
459 3281 552 3326 cerva
568 3261 659 3326 stetit
672 3261 706 3324 in
722 3263 850 3346 angulo,
877 3263 932 3341 eit,
956 3267 976 3300 “
988 3262 1078 3328 Quid
1095 3263 1183 3341 fecis,
1207 3286 1227 3329 o
1250 3285 1354 3342 cervo,
1380 3263 1465 3328 inter
1486 3262 1587 3329 boves

386 3367 497 3428 meos?
514 3387 567 3430 rea
582 3387 617 3430 es
634 3366 746 3429 mortis
757 3367 787 3444 ;”
811 3377 845 3430 et
860 3366 969 3431 stetim
985 3366 1059 3430 dete
1072 3367 1232 3431 sententie
1247 3367 1366 3432 occidit
1380 3389 1462 3432 eom.
1498 3365 1587 3432 Hinc

385 3465 507 3550 liquido
523 3475 656 3552 apparet
672 3468 759 3552 quod
774 3467 925 3532 dominus
941 3467 1058 3532 domus
1074 3468 1197 3533 caeteris
1214 3469 1302 3533 videt
1321 3468 1499 3554 limpidius.
