3610 4852
248 534 386 597 eme]
619 529 666 572 nu
691 529 802 572 noers
826 529 1051 574 eucratium.
1376 519 1434 576 191

232 701 436 786 longinquas.
469 696 565 762 Datis
580 717 655 781 ergo
671 705 705 760 et
719 697 859 782 acceptis
875 697 1006 774 osculis,
1021 697 1104 783 petit
1119 698 1195 762 Ollo
1211 699 1298 763 unde
1313 709 1347 764 et
1362 723 1436 785 quo,

231 827 305 870 oum
321 804 431 889 potius
447 801 626 866 secundum
642 821 768 864 amores
783 800 965 884 praeteritos
980 803 1097 865 reverti
1121 811 1155 866 et
1178 803 1341 888 suscipere
1365 814 1436 866 tan-

232 917 303 971 tum
318 906 485 972 debuisset
499 905 649 968 amicum.
693 903 815 967 Audito
831 912 939 967 autem
955 905 1041 989 quod
1067 905 1137 989 ipse
1164 906 1253 970 solus
1277 907 1310 970 in
1332 930 1437 972 causae

232 1021 319 1074 esset
344 1009 395 1074 sui
421 1008 591 1086 adventus,
616 1006 755 1071 reditum
783 1007 949 1072 excusavit
977 1030 1036 1092 per
1061 1009 1234 1088 nundinas,
1258 1021 1291 1075 et
1320 1013 1437 1096 adjecit

233 1113 368 1178 Scevam
394 1113 429 1176 in
452 1111 550 1175 doma
579 1131 638 1174 sua
661 1111 847 1174 nullatenus
870 1133 967 1194 posse
993 1111 1093 1196 recipi
1118 1113 1228 1176 multis
1254 1136 1294 1178 ex
1320 1117 1437 1196 causis,

232 1225 267 1281 et
280 1217 320 1280 ab
336 1216 409 1302 ipso
424 1213 574 1299 migravit
589 1223 665 1298 post
679 1212 780 1298 bigas.
825 1213 927 1278 Sceva
951 1236 986 1279 se
1012 1215 1160 1280 delusum
1188 1217 1312 1296 dolens,
1336 1241 1437 1304 prope

235 1321 367 1404 Papiam
384 1317 514 1383 Ollonis
530 1319 613 1382 forte
629 1326 792 1401 pastorem
808 1317 936 1381 nescius
952 1318 1136 1402 alloquitur,
1146 1329 1181 1383 et
1189 1321 1349 1406 accipiens
1365 1325 1436 1408 quis

232 1432 329 1502 esset,
345 1422 459 1507 quaerit
474 1429 595 1484 statum
612 1419 741 1484 Ollonis
756 1421 790 1483 in
806 1421 902 1485 rebus
918 1421 1093 1486 mobilibus
1109 1433 1142 1486 et
1156 1423 1388 1505 immobilibus,
1404 1439 1437 1492 et

233 1525 342 1589 omnia
367 1533 489 1588 secreta
512 1523 629 1586 domus
655 1523 695 1586 ab
722 1523 794 1608 ipso
820 1524 965 1604 edoctus,
992 1546 1110 1608 capro
1133 1524 1320 1612 intersignis
1344 1530 1437 1594 uxori

233 1628 361 1693 Ollonis
376 1627 470 1692 affert
480 1638 518 1690 ut
527 1626 721 1710 suscipiatur
735 1626 889 1710 hospitio.
920 1626 1112 1712 Suscipitur,
1128 1637 1162 1692 et
1177 1651 1242 1692 non
1259 1641 1309 1693 est
1321 1653 1435 1716 passus

233 1739 271 1794 ut
284 1739 437 1796 contenta
448 1729 490 1792 sit
504 1729 556 1792 vel
571 1751 630 1792 sua
648 1728 701 1793 vel
726 1728 853 1794 Ollonis
878 1729 999 1792 familia
1014 1730 1065 1793 his
1091 1751 1163 1814 quoe
1178 1733 1382 1815 reperiuntur
1402 1736 1436 1799 in

232 1831 438 1897 facultatibus
467 1831 596 1911 domus,
621 1853 696 1895 cum
721 1831 831 1896 multae
858 1831 925 1895 sint
951 1841 1052 1911 extra,
1074 1833 1169 1916 jubet
1192 1835 1292 1919 quaeri
1307 1837 1436 1902 delicias

234 1935 295 2000 sibi
310 1944 349 1998 ut
359 1936 461 2020 jactat
476 1935 598 2014 solitas,
613 1944 646 1998 et
661 1945 728 1998 tam
745 1934 946 2019 splendidam
962 1945 1093 2019 tamque
1109 1936 1294 2000 affluentem
1310 1959 1435 2002 coenam

238 2048 402 2124 praeparat
417 2039 457 2102 de
480 2037 623 2123 proprio,
638 2047 676 2101 ut
699 2038 731 2101 in
759 2037 970 2102 admiratione
994 2038 1090 2101 etiarn
1114 2039 1294 2104 vicinorum
1320 2043 1440 2109 veniat.

234 2142 338 2206 Vocat
363 2142 396 2205 in
427 2144 497 2205 foro
527 2151 662 2220 stantes,
692 2150 898 2206 transeuntes
928 2140 1056 2218 retinet,
1082 2151 1115 2204 et
1144 2153 1267 2206 tantam
1298 2144 1437 2209 effundit

234 2244 378 2308 ciborum
395 2253 428 2308 et
451 2255 549 2328 potus
574 2244 712 2328 copiam,
738 2253 776 2308 ut
799 2255 865 2307 tam
889 2265 971 2306 uxor
997 2242 1126 2307 Ollonis
1142 2267 1237 2329 quam
1253 2268 1367 2312 omnes
1383 2247 1436 2312 alii

235 2347 466 2432 sempiternam
481 2356 598 2432 optent
609 2347 738 2411 Ollonis
754 2346 933 2412 absentiam
951 2357 984 2410 et
998 2349 1204 2432 praesentiam
1215 2349 1336 2415 Scevae.
1362 2351 1437 2416 Hoc

234 2450 349 2515 diebus
374 2451 520 2535 plurimis
548 2459 643 2514 aucta
667 2472 795 2535 semper
820 2450 1014 2516 solennitate
1040 2450 1144 2535 agitur
1156 2477 1166 2529 3
1188 2451 1305 2515 invitat
1322 2475 1435 2519 omnes
1512 2499 1515 2506 -

234 2554 289 2639 qui
315 2553 460 2632 veniunt,
487 2553 581 2617 avida
603 2553 805 2617 honorantur
831 2554 943 2618 laetitia
966 2554 1022 2638 qui
1045 2574 1111 2617 non
1134 2552 1234 2636 jussis
1261 2566 1436 2620 onerantur

234 2656 390 2721 exenniis.
434 2657 576 2720 Advolat
596 2665 665 2720 tota
679 2657 845 2741 provincia
858 2658 967 2720 videre
988 2657 1076 2742 quod
1098 2655 1253 2735 audiunt3
1279 2657 1387 2722 evolat
1401 2659 1435 2723 in

232 2760 321 2824 vicos
331 2769 365 2823 et
374 2758 469 2823 urbes
481 2759 651 2824 admiratio
660 2759 900 2845 fugientemque
913 2759 1293 2845 deprehenditOHonem.
1319 2759 1437 2847 Stupet

235 2863 323 2941 Ollo,
338 2863 515 2948 statuitque
540 2885 605 2926 non
632 2861 750 2926 reverti
774 2863 877 2927 donec
900 2863 954 2927 ille
979 2872 1151 2927 avertatur.
1196 2863 1242 2926 Et
1261 2885 1335 2927 cum
1351 2867 1436 2930 zelo-

233 2967 331 3054 typiae
347 2966 562 3031 sollicitudine
579 2987 688 3030 secum
705 2966 744 3030 de
765 2967 858 3031 uxori
879 2967 1000 3046 saeviat,
1024 2967 1093 3031 zelo
1115 2966 1326 3031 nibilominus
1352 2969 1436 3034 inta-

233 3070 338 3135 bescit
351 3069 480 3148 invidae,
492 3071 559 3154 jam
575 3091 641 3133 non
657 3080 695 3133 ut
710 3070 895 3134 avidissime
911 3071 995 3135 solet
1008 3070 1041 3134 in
1058 3070 1263 3155 promotione
1279 3075 1435 3138 mercium

233 3175 334 3252 ardet,
364 3194 424 3237 nec
448 3173 566 3236 damna
592 3174 690 3254 dolet,
720 3195 779 3239 nec
807 3175 847 3238 de
876 3174 966 3238 lucro
990 3175 1118 3238 laetatur
1142 3196 1203 3238 nec
1227 3174 1266 3238 de
1290 3178 1436 3260 augenda

233 3285 349 3362 pensat
372 3275 425 3339 vel
451 3275 670 3340 conservanda
695 3276 853 3360 pecunia3
885 3276 1039 3361 prodigus
1066 3286 1242 3339 astrorum
1265 3287 1299 3339 et
1321 3301 1435 3344 avarus

232 3381 353 3459 uxoris,
369 3389 403 3444 et
417 3379 495 3444 dum
511 3379 594 3443 cirea
609 3379 678 3464 ejus
694 3389 728 3443 et
742 3380 853 3444 Scevae
869 3389 990 3443 statum
1013 3380 1140 3443 curioso
1167 3378 1291 3462 divinat
1315 3381 1434 3462 animo,

233 3483 310 3568 quid
339 3483 397 3546 fiat
425 3483 457 3546 in
485 3483 518 3546 id
548 3472 645 3567 quod*
664 3505 739 3548 vere
768 3483 807 3547 fit
841 3505 918 3548 casu
953 3482 1145 3546 devolvitur.
1206 3483 1293 3546 Nam
1333 3483 1434 3550 Sceva

234 3597 323 3650 totus
348 3585 382 3649 in
405 3586 468 3649 hoc
491 3595 552 3663 est,
581 3585 668 3669 quod
691 3585 761 3670 ipse
787 3585 882 3649 timet
905 3596 938 3649 et
964 3595 1209 3670 quantacunque
1232 3593 1342 3669 potest
1366 3597 1435 3652 arte

233 3689 339 3772 ipsam
369 3688 402 3751 in
430 3698 507 3752 vota
536 3710 595 3752 sua
617 3688 752 3766 seducit,
778 3698 909 3752 etcum
935 3688 975 3752 ad
1001 3687 1129 3751 libitum
1154 3709 1249 3752 suum
1272 3689 1434 3770 abutatur,

232 3791 341 3855 illicita
372 3814 438 3855 non
470 3791 548 3855 satis
579 3791 608 3854 ei
641 3791 746 3876 placet
768 3791 892 3872 abusio,
923 3792 981 3856 sed
1009 3790 1120 3876 adjicit
1142 3791 1263 3872 dicens,
1295 3793 1434 3858 “Caris-

235 3894 315 3958 sima
339 3895 384 3958 mi
414 3895 514 3959 electa
543 3904 577 3958 et
606 3915 704 3978 super
733 3893 873 3957 animam
899 3915 1004 3958 meam
1033 3892 1160 3971 dilecta,
1190 3903 1284 3977 potes
1309 3894 1337 3959 si
1366 3899 1436 3982 pla·

234 4005 320 4060 cerat
353 3994 456 4060 menti
485 3996 610 4082 placare
645 4005 787 4058 mentem
823 3995 1083 4060 sollicitissimam
1119 4016 1224 4059 meam
1261 4007 1295 4060 et
1330 4007 1433 4064 totam

234 4098 299 4161 tuis
335 4098 566 4162 inflammatam
597 4098 773 4176 amoribus,
814 4109 851 4162 ut
888 4121 998 4163 secure
1035 4099 1132 4162 simul
1168 4101 1364 4167 omnimodis
1395 4105 1435 4170 de
