3608 4862
236 559 299 624 Cap.
310 559 378 609 nir.
389 559 461 622 nn]

220 715 242 748 ‘⁴
256 711 364 775 Vath!
387 732 485 796 quam
499 717 586 775 recte
602 709 672 774 sine
686 731 807 794 pavore
822 711 939 776 dieitur
952 711 960 774 l
971 712 992 744 ''
1016 718 1049 775 et
1063 709 1125 776 alia
1137 709 1173 774 in
1186 711 1275 776 bunc
1289 711 1424 776 modum

221 813 427 900 improperia.
494 813 555 878 llle
581 813 663 877 mori
686 814 810 879 malens
835 837 932 899 quam
957 814 1092 900 ignaviae
1112 813 1271 900 redargui,
1294 824 1425 881 secutus

220 929 272 982 est
286 939 354 994 eos,
368 927 591 1001 veneruntque
617 916 651 980 in
676 916 850 982 conticinio
872 918 913 982 ad
929 919 1063 983 domum
1078 917 1201 982 militis.
1245 918 1427 1002 lusurgunt

221 1021 256 1086 in
280 1042 337 1085 eos
363 1042 470 1100 canes,
496 1031 530 1084 et
554 1020 624 1084 visa
649 1021 860 1086 multitudine
882 1033 921 1086 ut
944 1023 1051 1087 solent
1065 1021 1186 1106 egressi
1201 1031 1294 1105 septa
1307 1021 1427 1086 latrant

221 1123 374 1190 exterius.
418 1123 557 1189 Jacebat
579 1123 613 1187 in
639 1123 712 1189 aula
726 1124 912 1210 hospitatus
936 1124 997 1190 sub
1012 1125 1138 1210 magnis
1153 1136 1188 1189 et
1200 1122 1317 1190 vicinis
1332 1133 1426 1188 terrm

219 1227 391 1306 fenestris3
423 1226 584 1292 intellexit
615 1249 673 1311 per
698 1227 851 1292 latratum
873 1227 1015 1292 exterius
1037 1226 1104 1292 vim
1130 1226 1349 1292 multitudinis
1372 1248 1427 1290 su-

221 1329 408 1416 pervenisse
420 1353 430 1408 3
445 1351 519 1394 eum
532 1329 622 1394 omni
634 1329 841 1396 festinatione
856 1340 891 1395 et
905 1329 1034 1396 silentio
1050 1329 1113 1394 sibi
1123 1330 1257 1394 loricam
1267 1329 1427 1415 injiciens,

221 1433 366 1498 lanceam
380 1433 415 1496 in
430 1455 530 1496 manu
545 1441 671 1512 tenens,
686 1432 721 1496 in
747 1433 854 1498 media
878 1435 1026 1500 constitit
1047 1455 1120 1498 area
1141 1443 1254 1498 contra
1268 1435 1427 1498 fenestras

222 1535 623 1621 auscultans,audiensque
633 1535 876 1600 multitudinem
888 1535 964 1600 licet
973 1535 1427 1617 tumultumdissimulantem,

222 1648 257 1702 et
271 1660 344 1703 ecce
368 1637 500 1723 quidam
525 1660 629 1723 nepos
657 1637 795 1717 Comini,
821 1639 876 1724 qui
903 1638 996 1725 quasi
1018 1639 1131 1703 furtim
1153 1648 1265 1724 aperta
1285 1639 1428 1704 fenestra

223 1742 341 1826 pedem
366 1740 562 1827 interposuit
585 1752 625 1805 ut
649 1741 794 1806 intraret.
837 1741 936 1807 Atei
961 1741 1054 1806 miles
1068 1741 1205 1828 impiger
1219 1742 1364 1808 lanceam
1378 1743 1429 1806 in-

223 1844 328 1930 pingit
340 1845 376 1908 in
390 1866 456 1924 cor,
471 1855 622 1931 retroque
635 1845 776 1930 projicit,
791 1867 888 1930 quem
903 1845 1001 1911 frater
1015 1846 1086 1930 ejus
1101 1867 1159 1930 per
1180 1844 1330 1910 timorem
1349 1846 1430 1910 resi-

223 1949 311 2014 liisse
339 1958 471 2033 putans,
502 1949 638 2034 objectis
668 1948 836 2034 opprobiis
876 1947 1148 2034 praetergreditur,
1179 1959 1213 2012 et
1241 1947 1283 2012 ab
1312 1948 1428 2014 eodem

223 2052 326 2116 milite
351 2050 449 2114 simili
472 2050 606 2115 vulnere
629 2051 769 2135 rejectus
796 2059 855 2115 est.
913 2051 1069 2116 Conenus
1094 2050 1191 2134 igitur
1216 2051 1353 2116 mortuis
1377 2073 1427 2115 as·

226 2154 366 2240 sumptis
396 2176 471 2218 cum
500 2153 707 2218 festinatione
732 2153 826 2238 fugit,
855 2152 923 2218 suis
954 2153 1075 2231 dicens,
1104 2151 1288 2217 “Sciebam
1318 2155 1428 2218 Deum

224 2258 314 2322 intus
326 2279 412 2322 esse:
425 2257 492 2322 scio
504 2259 601 2322 etiam
611 2257 633 2322 J
635 2258 731 2322 udum
742 2257 1039 2322 MachabaeumDei
1049 2255 1262 2320 fortissimum
1273 2255 1428 2321 athletam

226 2359 358 2440 dixisse,
384 2361 463 2424 Non
485 2360 527 2424 in⁴
543 2360 752 2424 multitudine
776 2360 936 2424 exercitus
957 2358 1093 2424 victoria
1112 2358 1201 2437 belli,
1218 2357 1275 2423 sed
1291 2359 1332 2423 de
1347 2358 1429 2424 coelo

226 2462 383 2526 fortitudo
406 2464 508 2544 est3*
531 2461 606 2526 ideo
622 2461 777 2526 timebam
802 2462 890 2526 hunc
916 2461 1074 2526 insultum
1098 2461 1288 2546 producere,
1302 2483 1363 2525 nec
1378 2470 1431 2525 est

227 2564 348 2630 oblitus
364 2564 529 2630 Dominus
543 2565 578 2630 in
589 2575 726 2650 nepotes
738 2586 829 2629 meos
840 2564 952 2630 ulcisci
964 2563 1149 2650 superbiam
1161 2563 1430 2649 objurgationis.'’

600 2739 651 2801 De
668 2739 846 2802 Utevealiao
853 2736 940 2820 filre.
984 2759 1061 2802 xxv.

273 2857 487 2923 Chereslinus
511 2857 757 2936 Noruualensis,
779 2858 907 2921 frenum
922 2857 1045 2923 habens
1067 2856 1101 2921 in
1125 2857 1220 2933 eollo,
1242 2853 1375 2920 calcaria
1395 2853 1431 2920 in

227 2983 320 3041 zona,
350 2961 437 3046 cepit
458 2961 638 3046 hospitium
665 2961 700 3025 in
724 2960 898 3027 Sudnallia
919 2960 954 3025 in
980 2961 1078 3026 domo
1106 2958 1263 3039 lbaherii,
1291 2979 1431 3044 eumque

227 3073 305 3150 post
326 3062 468 3128 sobriam
494 3085 687 3149 pereamque
713 3085 838 3129 coenam
862 3063 919 3128 diu
946 3064 1107 3130 sedissent
1131 3064 1166 3128 in
1193 3061 1334 3141 silentio,
1348 3060 1432 3126 dixit

226 3167 392 3247 Traherio,
413 3167 612 3231 “Mirantur
632 3189 758 3248 omnes,
773 3175 806 3232 et
821 3166 864 3232 ob
879 3167 1093 3233 reverentiam
1114 3177 1232 3231 vestrae
1254 3173 1432 3230 consuetu·

228 3271 313 3336 dinis
328 3291 426 3336 nemo
442 3270 567 3355 quierit,
583 3269 656 3356 quis
671 3281 728 3336 aut
747 3270 835 3335 unde
850 3270 923 3334 sim.
967 3271 1059 3334 Dum
1073 3279 1183 3333 tamen
1199 3268 1279 3332 scire
1295 3266 1432 3352 quisque

226 3383 372 3439 vestrum
386 3373 450 3438 hoe
471 3373 591 3459 cupiat,
607 3372 647 3438 de
668 3372 791 3438 boreali
809 3372 905 3458 plaga
919 3372 1048 3438 Walliae
1064 3394 1148 3451 sum,
1163 3380 1197 3436 et
1211 3391 1264 3434 me
1279 3367 1433 3453 perduxit

227 3476 269 3540 ad
283 3477 343 3540 bas
357 3476 513 3542 australes
528 3485 637 3561 partes
645 3476 732 3540 fnum
746 3474 864 3540 nobilis
880 3497 982 3562 equae,
997 3497 1095 3561 quam
1105 3474 1155 3540 vir
1166 3472 1308 3538 marchio
1319 3479 1433 3534 noster

228 3585 262 3642 et
276 3589 384 3643 vester
398 3589 490 3643 tanta
511 3578 663 3650 observet
685 3577 850 3662 diligentia
875 3587 913 3643 ut
932 3578 1000 3663 jam
1026 3597 1085 3661 per
1109 3596 1255 3639 mensem
1269 3574 1433 3637 frustretse

228 3681 296 3746 sint
310 3703 425 3746 omnes
447 3681 575 3747 insidiae
590 3703 681 3762 meoe,
697 3690 897 3765 conatusque
913 3679 1056 3757 ,vacuati
1081 3677 1133 3741 his
1154 3685 1193 3741 ut
1208 3675 1316 3740 decuit
1331 3673 1432 3738 mlta

228 3784 313 3848 rium
328 3793 363 3849 et
376 3785 459 3850 freni
474 3785 574 3870 signis
589 3805 717 3870 semper
731 3781 943 3861 absconditis,
960 3781 1045 3846 sieut
1058 3803 1118 3846 ros
1133 3778 1238 3844 nostis
1250 3775 1433 3864 oportere.''

228 3887 316 3953 Risit
329 3887 370 3953 ad
384 3888 455 3954 haec
469 3897 503 3953 et
517 3872 628 3954 intulit
640 3887 826 3977 lbsherius,
847 3890 870 3924 “
882 3885 1004 3951 Merito
1021 3893 1108 3950 certe
1130 3883 1285 3968 justoque
1307 3878 1432 3967 judicio

697 4095 713 4126 ⁸
731 4097 743 4142 1
758 4093 929 4146 Maeuiis.
