3650 4852
397 521 438 582 28
831 539 1019 586 aularum
1043 540 1164 587 ueras
1425 544 1546 607 [unane.
1559 545 1581 594 1.

399 687 560 753 Johannis
587 691 627 755 de
654 689 834 770 Morinum*
859 694 1049 778 propagavit
1074 714 1173 758 exse
1200 691 1373 758 chartusia
1399 695 1533 759 domum
1557 693 1599 759 ad

399 790 573 876 imaginem
609 816 713 874 suam,
750 817 822 880 quae
851 795 1037 879 cupiditatis
1066 794 1223 858 instinctu
1254 793 1417 859 diabolum
1448 818 1598 883 sequens,

400 895 586 960 amoenitate
601 919 795 982 pascuorum
810 907 844 963 et
857 897 1004 963 ubertate
1020 907 1141 976 notata,
1153 919 1286 962 censum
1297 919 1337 962 ex
1352 900 1599 985 quibuscunque

400 998 510 1080 potuit
524 1001 721 1065 amarissime
737 1001 874 1085 collegit,
890 1000 971 1063 etin
986 999 1133 1063 ardorem
1148 998 1299 1078 avaritiae,
1318 1001 1449 1067 caritate
1465 1011 1599 1079 mutata,

399 1096 549 1184 locuplex
562 1102 696 1186 pessimi
721 1102 880 1187 propositi
906 1101 1037 1185 penitus
1062 1099 1197 1184 implere
1222 1121 1289 1165 non
1314 1101 1458 1182 destitit3
1480 1103 1601 1169 invasit

399 1201 525 1267 ricinos
540 1205 706 1285 terminos,
721 1205 842 1290 aliquid
856 1203 1000 1288 undique
1014 1203 1183 1288 vigilanter
1197 1204 1383 1289 exculpens,
1395 1215 1466 1269 tum
1480 1206 1514 1271 vi
1529 1217 1600 1271 tum

400 1307 487 1370 furto
503 1328 694 1392 quocunque
709 1307 808 1371 modo
830 1328 900 1372 rem
914 1307 1045 1383 faciens,
1066 1305 1217 1391 quodque
1232 1317 1347 1372 venter
1361 1309 1470 1392 potuit
1483 1309 1600 1373 modus

401 1409 520 1495 potuit,
535 1420 569 1475 et
583 1409 738 1495 praecevit
753 1431 880 1474 census.
927 1409 1092 1494 castigata
1117 1409 1301 1495 frequenter
1325 1433 1345 1473 a
1368 1411 1475 1495 priore
1500 1410 1601 1474 Char-

401 1513 508 1592 tusioe,
524 1513 702 1598 deindeque
717 1513 880 1597 fustigata,
895 1534 962 1577 non
983 1512 1119 1591 abstitit,
1135 1513 1192 1577 sed
1206 1512 1396 1598 inpinguato
1411 1514 1542 1578 dilatata
1552 1536 1602 1578 re·

403 1615 589 1695 calcitravit,
603 1615 747 1693 recessit,
762 1625 795 1678 et
810 1613 872 1678 sibi
887 1613 1025 1678 similem
1040 1623 1177 1677 matrem
1198 1613 1332 1677 domum
1353 1614 1601 1680 cisterciensem

404 1716 584 1797 advocavit,
598 1740 670 1803 quae
686 1717 748 1782 sibi
762 1717 886 1782 viscera
907 1716 1124 1801 cupidissimae
1139 1716 1280 1781 caritatis
1295 1717 1431 1803 aperuit,
1446 1727 1481 1782 et
1494 1719 1528 1782 in
1553 1720 1603 1782 in-

399 1818 519 1905 juriam
533 1821 649 1904 prioris
664 1819 775 1884 matris
790 1819 825 1884 in
840 1819 1011 1904 specialem
1025 1817 1125 1882 filiam
1139 1817 1315 1902 adoptavit,
1342 1842 1504 1905 manuque
1526 1820 1604 1886 forti

403 1921 564 1987 violenter
577 1922 712 1988 obtinet.

673 2127 727 2190 De
742 2129 861 2211 oriyine
878 2127 1215 2192 Grandimontensium.
1259 2127 1336 2191 xvii.

450 2259 763 2326 Gmndimontenses
789 2286 809 2326 a
832 2263 1069 2328 Grandimonte
1096 2261 1325 2346 Burgundiae†
1340 2261 1534 2347 principium
1548 2262 1606 2325 he-

403 2361 545 2428 buemnt
559 2387 577 2427 a
593 2365 770 2450 Stephano,
785 2365 841 2449 qui
855 2365 970 2430 statuit
984 2365 1030 2430 eis
1053 2373 1092 2427 ut
1114 2373 1271 2448 quantum
1294 2364 1475 2449 receperint
1498 2365 1605 2449 primo

403 2463 512 2530 locum
527 2467 568 2530 ad
583 2467 796 2532 habitandum
811 2478 939 2533 tanturn
956 2475 1114 2554 perpetuo
1129 2488 1189 2530 nec
1214 2465 1288 2551 plus
1313 2467 1522 2551 possideant;
1545 2466 1606 2529 mi-

405 2589 519 2632 norem
533 2569 636 2634 facere
650 2570 737 2648 licet,
752 2572 907 2656 majorem
921 2592 1000 2634 non.
1034 2568 1086 2632 Ibi
1101 2576 1253 2632 maneant
1261 2568 1388 2634 inclusi.
1423 2570 1607 2653 Prteceptor

405 2689 518 2733 eorum
532 2670 701 2758 presbyter
716 2673 768 2746 sit,
784 2673 836 2736 cui
851 2673 939 2736 nulla
954 2669 1196 2756 dispensatione
1209 2670 1305 2736 liceat
1319 2680 1448 2756 septum
1470 2669 1605 2756 ingredi.

406 2771 515 2837 Nemo
545 2773 634 2836 solus
664 2784 779 2852 exeat,
817 2773 897 2838 nihil
926 2785 1017 2838 extra
1045 2772 1261 2860 possessionis
1290 2773 1431 2837 habeant
1438 2798 1449 2852 3
1479 2771 1606 2836 nullum

406 2876 525 2940 animal
538 2876 623 2940 intra
636 2887 758 2962 praeter
773 2899 862 2962 apes,
880 2879 935 2963 qui
951 2878 1075 2942 vicinos
1090 2900 1158 2943 non
1171 2877 1306 2942 loedunt.
1352 2877 1450 2944 Quod
1465 2877 1512 2940 eis
1528 2874 1607 2940 cari·

407 2979 507 3043 tative
523 2979 618 3043 datur
639 2981 826 3060 comedunt,
850 2991 883 3046 et
909 2982 996 3066 quod
1019 2981 1109 3046 intus
1135 2979 1299 3044 elaborare
1321 2979 1475 3064 poterint.
1522 2977 1606 3042 Cum

407 3082 583 3146 defecerint
597 3083 730 3148 omnino
745 3083 906 3162 victualia,
921 3095 1000 3148 tunc
1020 3082 1102 3147 duos
1126 3091 1203 3166 post
1228 3081 1326 3145 unius
1350 3081 1414 3145 diei
1439 3079 1508 3144 sine
1534 3078 1608 3144 cibo

404 3183 566 3271 jejunium
582 3185 622 3248 ad
638 3195 771 3250 stratem
785 3187 966 3271 proximam
990 3185 1136 3265 mittunt,
1157 3185 1212 3269 qui
1236 3185 1342 3269 primo
1365 3183 1466 3247 vianti
1490 3183 1609 3260 dicant,

408 3288 572 3353 “Fratres
587 3288 766 3354 esuriunt.'’
812 3289 846 3354 Si
863 3289 1027 3354 Dominus
1043 3288 1180 3352 audierit
1190 3309 1246 3352 eos
1258 3310 1317 3374 per
1326 3287 1407 3351 illud
1416 3285 1609 3362 subsidium,

408 3400 568 3478 pausant3
592 3391 644 3455 sin
658 3401 779 3472 autem,
793 3392 848 3457 illa
863 3392 915 3458 die
931 3392 1001 3456 sine
1016 3392 1089 3456 cibo
1100 3393 1261 3478 jejunant,
1276 3390 1357 3456 etin
1373 3389 1513 3454 crastino
1527 3409 1610 3473 pon-

439 3610 456 3642 ·
472 3609 525 3658 The
534 3609 659 3673 birhopric
670 3611 699 3660 ol
714 3612 845 3662 Marianae
864 3612 887 3660 is
904 3612 931 3660 in
949 3612 992 3661 the
1024 3611 1166 3674 commonly
1185 3610 1263 3660 called
1282 3609 1391 3672 Stephon
1409 3607 1439 3656 de
1466 3607 1561 3662 Mutet,
1582 3604 1610 3652 in

408 3706 475 3742 same
488 3692 604 3754 province
625 3689 743 3756 (vienne)
763 3709 790 3746 as
809 3694 864 3743 that
884 3692 913 3743 ol
929 3691 992 3742 Gre-
1028 3694 1100 3745 1076.
1113 3692 1185 3742 nster
1194 3692 1324 3755 Stephen’s
1332 3689 1415 3747 death,
1425 3705 1493 3738 rome
1500 3688 1610 3750 disputes

409 3772 492 3822 noble.
1029 3774 1121 3836 arising
1132 3773 1329 3836 relatingtothe
1340 3772 1395 3820 title
1407 3771 1487 3820 tothe
1503 3772 1560 3832 spot
1578 3781 1611 3815 on

441 3853 527 3912 †'l'he
545 3855 617 3904 order
642 3855 671 3904 ol
696 3855 853 3905 Grandmont
872 3870 921 3904 aas
941 3856 996 3904 first
1029 3855 1179 3917 whichthey
1195 3854 1245 3903 had
1264 3853 1361 3912 settled,
1382 3853 1421 3901 his
1438 3851 1553 3914 disciplet
1572 3863 1611 3897 re·

409 3933 519 3985 founded
531 3941 557 3983 at
568 3935 663 3994 Mutet,
676 3951 735 3986 near
752 3934 880 3999 Limoges,
891 3936 927 3998 by
938 3935 993 3984 Ste-
1028 3936 1116 3985 moved
1127 3941 1153 3984 to
1165 3937 1209 3984 the
1221 3936 1302 3985 desert
1321 3935 1448 3984 mountain
1468 3932 1497 3981 ol
1514 3928 1612 3981 Grand-

409 4015 790 4081 phen‚anatireolAavergue,
803 4016 994 4076 who,lromthe
1027 4023 1097 4066 mont
1108 4018 1135 4065 in
1147 4017 1291 4080 Burgundy.
1327 4017 1373 4066 See
1385 4012 1613 4076 Heliot,llirt.des

409 4112 482 4148 name
492 4095 522 4146 ol
529 4097 573 4146 the
583 4097 653 4160 place
665 4103 691 4148 to
701 4097 783 4148 vhlch
802 4100 834 4148 hs
850 4098 953 4157 tedred,
972 4097 994 4146 is
1027 4097 1120 4148 Ordres
1133 4099 1214 4162 Relig.
1227 4105 1289 4149 tom.
1302 4099 1345 4148 vii.
1357 4115 1383 4161 p.
1396 4101 1453 4150 ⁴09.
