3608 4862
602 562 650 606 Dr.
674 563 785 608 NUGIS
811 562 1038 608 OURlALlUM·

553 801 604 865 De
617 801 750 866 Bollane
764 802 870 884 eteius
886 821 993 866 rurore.
1036 824 1069 865 v.

250 930 356 1010 sollo,
371 930 421 994 vir
438 927 546 1014 msgni
565 929 706 994 nominis
721 940 756 995 et
769 929 929 1016 prseclaroe
952 928 1088 1010 militis,
1103 930 1249 997 moribus
1273 941 1307 998 et
1326 934 1417 999 omni

207 1043 294 1098 stetu
303 1033 390 1110 felix,
400 1053 475 1096 cum
487 1053 554 1096 non
566 1041 653 1096 esset
664 1031 844 1118 zelotypus,
855 1031 1106 1118 pulcherrimam
1118 1031 1260 1098 babebat
1270 1055 1417 1113 uxorem,

206 1137 297 1222 cujus
320 1156 428 1200 amore
453 1133 627 1218 langrrebat
650 1134 777 1200 vicinus
807 1155 898 1222 puer,
929 1137 1043 1215 forma,
1069 1157 1196 1220 genere,
1224 1137 1356 1217 divitiis,
1382 1146 1417 1203 ct

206 1241 329 1326 optima
343 1238 453 1303 indole
468 1258 582 1302 omnes
597 1237 725 1302 illarum
744 1237 886 1323 partium
911 1237 1072 1302 excedens
1096 1261 1226 1325 pueros,
1252 1261 1314 1306 nec
1339 1240 1417 1325 quid

206 1352 350 1428 speraret
356 1341 512 1420 habebat3
527 1340 713 1406 fortissimis
725 1342 812 1406 enim
823 1341 982 1427 negativis
994 1341 1151 1427 depulsus
1166 1363 1276 1408 secum
1292 1344 1418 1431 lachry-

207 1467 320 1510 mosus
334 1446 461 1510 intente
477 1443 643 1528 quoerebat
656 1445 734 1531 quid
744 1445 806 1510 sibi
816 1445 944 1509 deceret
954 1445 995 1508 ad
1007 1446 1159 1510 meritum
1171 1446 1302 1510 amoris.
1337 1447 1417 1511 Rol-

206 1549 316 1614 lonem
330 1548 464 1613 tandem
478 1547 621 1632 respicit,
638 1548 774 1614 militem
790 1548 1004 1614 serenissimis
1018 1548 1125 1628 famae,
1142 1569 1266 1614 severo
1278 1571 1416 1636 puerum

205 1651 291 1718 inter
313 1660 406 1735 septu
430 1671 589 1716 cunarum
609 1650 716 1717 adhuc
732 1660 913 1716 morantem
928 1651 1011 1716 nihil
1025 1651 1140 1736 egisse,
1156 1651 1236 1716 nihil
1253 1653 1416 1738 egregium

205 1753 344 1838 gessisse
353 1776 363 1832 ;
382 1753 451 1838 jam
463 1774 497 1818 se
510 1751 625 1818 merito
636 1763 780 1837 spretum
792 1753 881 1831 dicit,
887 1763 921 1817 et
931 1753 995 1816 nisi
1006 1753 1212 1837 praevaluerit
1222 1775 1289 1818 non
1300 1755 1417 1822 debere

206 1856 363 1941 praeponi.
410 1853 508 1918 Suam
525 1853 571 1918 ait
584 1853 740 1939 injustam
759 1855 963 1940 petitionem,
978 1855 1065 1920 illius
1088 1855 1304 1941 justissimam
1320 1879 1417 1943 nega-

207 1961 340 2026 tionem.
383 1957 458 2024 Jsm
474 1968 637 2042 properat,
648 1957 717 2042 jam
732 1958 863 2022 anhelat
876 1959 917 2022 ad
932 1979 1031 2037 arms,
1050 1959 1118 2043 jam
1141 1959 1294 2025 omnibus
1316 1961 1417 2026 inter·

207 2073 275 2128 rest
288 2061 408 2146 ubique
420 2059 658 2145 congressibus,
673 2070 707 2126 et
721 2060 856 2125 edoctus
870 2060 1054 2146 praeliorum
1070 2062 1217 2141 astutias,
1236 2064 1416 2142 varietates,

208 2175 241 2230 et
269 2183 376 2244 casus,
405 2164 447 2228 ab
477 2163 551 2248 ipso
572 2162 709 2228 Rollone
732 2163 853 2228 militias
879 2163 1043 2250 cingulum
1066 2165 1194 2250 accipit,
1219 2177 1257 2230 ut
1278 2167 1415 2251 proinde

209 2266 270 2332 sibi
297 2266 355 2331 fist
376 2265 548 2352 acceptior,
564 2274 598 2330 et
621 2266 727 2350 possit
751 2265 890 2330 dominae
914 2265 1101 2331 familiarius
1128 2266 1227 2354 loqui,
1242 2268 1295 2333 vel
1319 2269 1417 2356 signi-

209 2369 306 2434 ficare
326 2367 414 2453 quod
438 2367 537 2446 dolet,
553 2375 586 2432 et
606 2367 634 2431 si
654 2389 732 2447 non,
747 2367 804 2432 ubi
822 2376 950 2434 tantum
973 2389 1045 2432 eam
1066 2368 1175 2432 videre
1191 2368 1309 2436 debeat
1329 2372 1415 2438 idem

207 2473 330 2539 lecerit.
359 2471 439 2537 Exit
453 2471 552 2556 igitur
563 2492 758 2557 quocunque
769 2471 878 2556 ipsum
893 2471 1046 2557 magister
1060 2494 1151 2537 amor
1162 2484 1276 2540 evocat
1291 2476 1332 2540 ad
1347 2498 1418 2542 om-

207 2597 266 2641 nes
281 2584 419 2640 armatus
432 2575 608 2639 seditiones
623 2574 675 2638 vel
693 2574 789 2652 rixas,
805 2583 840 2638 et
853 2595 1079 2659 quamcunque
1091 2584 1275 2660 torpentem
1291 2589 1350 2643 aut
1364 2602 1417 2645 so-

207 2679 310 2764 pitam
334 2679 454 2763 reperit
477 2677 597 2744 excitat
615 2687 649 2742 ct
674 2677 822 2762 perducit
844 2675 883 2740 ad
912 2697 1088 2755 summum,
1103 2687 1137 2742 et
1164 2699 1231 2742 non
1250 2683 1417 2765 perductis

208 2783 354 2850 omnium
369 2792 420 2850 est
434 2781 624 2870 potissimus
639 2789 673 2845 et
687 2780 945 2866 potentissimus.
989 2781 1110 2846 Evadit
1133 2781 1168 2846 iu
1190 2781 1281 2848 brevi
1304 2785 1416 2852 laudes

207 2885 333 2952 viciniae
347 2884 534 2969 praecellens
549 2881 713 2962 omnibus,
728 2890 763 2947 et
783 2904 851 2947 non
865 2892 1076 2948 transcensus
1091 2885 1133 2950 ed
1149 2886 1288 2971 majores
1304 2901 1417 2955 accen‘·

207 2990 305 3054 ditur.
349 2988 460 3052 Vincit
489 2988 622 3050 ferratas
648 2986 744 3065 scies,
760 3007 870 3052 muros
898 2997 932 3052 et
959 2996 1074 3066 turres,
1097 2997 1131 3053 ct
1157 2989 1212 3074 qui
1238 2993 1418 3058 transvehit

206 3091 315 3178 ipsum
330 3091 457 3156 animus
471 3090 635 3155 adomncs
651 3089 801 3154 victorias
813 3112 832 3152 a
843 3089 951 3176 seipso
965 3091 1191 3173 effoeminatur,
1207 3094 1266 3159 sed
1279 3095 1419 3162 inioemi·

207 3207 303 3262 natur
319 3196 473 3282 quonism
493 3195 528 3259 in
548 3193 733 3258 foemineam
748 3193 866 3258 transit
879 3194 1117 3278 impotentiam,
1130 3206 1167 3261 ut
1182 3218 1292 3262 earum
1314 3201 1418 3266 instar

208 3300 277 3366 sine
292 3308 441 3386 respectu
456 3307 532 3384 post
555 3306 632 3362 vctn
653 3306 762 3362 currat
777 3296 847 3362 ovis
862 3297 951 3362 intus
967 3309 1000 3362 et
1013 3298 1064 3364 leo
1079 3300 1169 3378 loris,
1184 3303 1287 3386 etqui
1311 3314 1416 3371 castre

208 3403 367 3470 subvertit
377 3413 561 3468 exterorum
575 3424 595 3465 s
610 3399 796 3465 domesticis
806 3401 891 3465 curis
906 3411 1064 3467 castratus
1076 3404 1265 3484 emollescit,
1279 3407 1415 3493 plangit,

207 3517 367 3596 precetur,
376 3517 409 3572 et
420 3507 535 3593 ploret.
573 3505 636 3570 Illa
650 3525 716 3569 non
728 3515 766 3570 ut
780 3504 871 3589 virgo
885 3504 939 3570 vel
954 3505 1076 3591 virago,
1088 3507 1145 3572 sed
1162 3518 1198 3573 ut
1213 3508 1263 3574 vir
1278 3509 1418 3575 devovet

207 3623 242 3679 et
256 3610 390 3697 spernit,
405 3618 440 3676 et
452 3607 699 3694 quibuscunque
721 3617 833 3692 potest
854 3609 960 3672 modis
975 3609 1010 3672 in
1032 3609 1290 3694 desperationem
1305 3613 1417 3680 uadit.

209 3712 356 3798 Contigit
374 3721 412 3776 ut
427 3711 479 3776 die
493 3710 630 3796 quadam
646 3709 707 3774 iter
733 3708 861 3774 facienti
884 3708 1015 3774 Rolloni
1037 3709 1070 3773 in
1095 3710 1226 3775 dextera
1247 3711 1334 3776 illius
1350 3723 1417 3780 tem

208 3813 397 3882 desideratae
422 3813 532 3879 uxoris
557 3833 626 3877 sum
649 3812 741 3877 fieret
765 3810 882 3876 obvius
907 3811 1082 3896 proedictus
1101 3811 1242 3897 juvenis,
1258 3837 1353 3901 quem
1377 3837 1418 3881 ex

209 3917 342 3986 nomine
357 3917 538 4001 designavit
555 3917 689 3994 Resum‚
704 3913 937 4000 conductisque
963 3915 1043 4000 ipsis
1068 3916 1302 4002 aliquantulum
1324 3920 1417 4004 quasi

210 4021 351 4087 dominis
366 4029 400 4086 et
414 4020 590 4106 majoribus
605 4019 754 4104 benignis
777 4027 811 4082 ct
834 4018 1035 4104 supplicibus
1056 4019 1173 4098 verbis,
1189 4020 1276 4086 diota
1301 4023 1417 4102 salute,

208 4125 370 4210 migraret.
414 4123 475 4188 Illa
490 4123 660 4188 dissimiiat
681 4122 867 4188 insolenter.
912 4122 1008 4188 Rollo
1023 4145 1099 4190 vero
1114 4123 1170 4188 diu
1191 4125 1322 4211 respicit
1337 4127 1416 4190 emi-
