3610 4852
227 561 348 626 capia]
592 557 638 600 ns
664 557 775 602 sums
799 557 1024 602 cunrnnruu.
1347 539 1408 597 205

210 730 304 794 fusus
319 725 498 793 verecunde
514 724 625 805 tacuit,
640 735 674 790 et
698 725 823 789 assultu
842 723 991 810 proximo
1017 730 1109 788 tanto
1125 721 1293 787 descendit
1307 721 1341 784 in
1356 745 1411 806 ga-

111 901 114 908 ,
211 835 294 899 leam
310 833 381 917 ejus
396 830 473 908 ictu,
489 829 576 914 quod
590 829 728 913 genibus
743 837 776 894 et
792 850 890 892 manu
911 837 1030 892 terram
1050 835 1185 911 peteret,
1209 834 1243 888 et
1265 825 1412 889 resiliens

212 943 410 1021 prostratum
426 954 493 996 non
509 930 672 1016 oppressit
686 953 746 996 nec
761 930 931 1015 impedivit
945 928 1110 1006 afflictum,
1133 927 1190 991 sed
1205 927 1239 990 in
1254 927 1411 991 ultionem

215 1037 303 1102 verbi
317 1035 453 1101 verbum
466 1033 587 1111 retulit,
607 1044 641 1098 et
655 1035 711 1112 ait,
732 1034 841 1097 “Non
856 1031 953 1096 nimis
968 1041 1065 1109 arcte,
1077 1032 1132 1116 qui
1154 1053 1260 1116 regern
1284 1039 1411 1094 tantum

213 1140 351 1226 pedibus
367 1139 434 1202 suis
459 1137 624 1201 inclinat.''
668 1136 826 1200 Videntes
845 1135 944 1220 igitur
969 1135 1052 1198 Daci
1074 1133 1162 1218 quod
1184 1134 1219 1198 in
1239 1143 1306 1196 tarn
1321 1135 1412 1197 ardui

213 1243 289 1307 finis
323 1241 476 1306 conflictu
506 1239 677 1304 detulisset
702 1238 898 1302 Edmundus
927 1238 1072 1316 domino,
1101 1247 1136 1300 et
1164 1236 1252 1321 quod
1280 1237 1314 1300 in
1345 1246 1413 1300 tam

214 1355 365 1431 prompta
389 1343 524 1408 victoria
549 1341 678 1407 vincere
715 1341 905 1418 distulisset,
934 1341 969 1404 in
1008 1340 1114 1406 loedus
1144 1360 1200 1404 eos
1225 1339 1413 1424 hujusmodi

214 1447 325 1511 multis
339 1453 515 1530 coegerunt
529 1442 680 1528 precibus
700 1453 735 1507 et
758 1441 944 1528 lachrymis,
966 1442 1120 1527 quatinus
1142 1441 1309 1526 oequaliter
1329 1441 1414 1504 inter

214 1571 271 1614 eos
286 1549 428 1612 divisum
453 1545 661 1631 possiderent
682 1555 752 1610 tota
765 1545 833 1610 vita
857 1567 916 1608 sua
940 1566 1087 1630 regnum,
1113 1553 1147 1609 et
1173 1553 1249 1629 post
1275 1553 1413 1607 mortem

213 1650 344 1716 alterius
359 1647 546 1713 succederet
570 1656 735 1732 superstes
760 1646 795 1711 in
814 1646 966 1725 solidum,
993 1646 1133 1730 factique
1148 1654 1226 1710 sunt
1239 1644 1285 1708 ibi
1299 1646 1413 1709 iratres

214 1764 248 1819 et
269 1752 373 1831 amici,
394 1751 523 1836 fideque
545 1749 732 1814 firmissima
755 1749 979 1834 conglutinati,
1004 1750 1051 1814 sic
1066 1760 1105 1813 ut
1119 1770 1178 1813 nec
1192 1750 1312 1813 irarum
1327 1759 1416 1814 sator

214 1854 359 1934 zabulus,
381 1875 441 1918 nec
467 1852 641 1938 complices
664 1854 734 1937 ejus
762 1860 987 1918 accusatorum
1010 1861 1044 1916 et
1065 1851 1266 1916 adulantium
1292 1852 1414 1917 odiosae

214 1959 395 2044 linguarum
410 1957 576 2021 novaculae
597 1955 716 2020 initum
741 1964 877 2041 possent
902 1954 1007 2018 foedus
1022 1962 1079 2018 aut
1093 1955 1266 2019 amicitiam
1281 1955 1415 2020 solvere.

215 2057 362 2142 Contigit
375 2069 484 2122 autem
510 2056 725 2120 Edmundum
750 2057 904 2120 decedere
926 2055 1068 2140 priorem
1095 2055 1157 2120 hoo
1182 2057 1292 2120 modo.
1337 2057 1421 2120 Mos·

214 2162 394 2247 aliquorum
421 2181 532 2244 regum
548 2169 599 2224 est
612 2169 651 2223 ut
666 2158 766 2222 servis
781 2158 916 2222 thalami
937 2157 989 2222 vel
1010 2157 1086 2222 lecti
1101 2170 1224 2222 secreta
1239 2158 1288 2222 sui
1313 2159 1416 2222 tribu-

215 2273 281 2338 ant,
305 2271 338 2327 et
360 2262 407 2325 eis
422 2260 523 2324 libera
538 2281 668 2324 suorum
687 2259 792 2345 capita
807 2258 999 2324 submittere
1013 2282 1081 2325 non
1094 2260 1289 2340 formident;
1315 2271 1348 2325 et
1362 2262 1416 2327 hic

214 2365 339 2444 incidit,
361 2363 449 2448 quod
476 2361 638 2426 Robertus
656 2362 790 2427 Henrici
814 2363 911 2448 primi
932 2363 1030 2442 filius,
1056 2385 1165 2428 comes
1193 2363 1416 2444 Gloucestrioe‚

215 2469 265 2534 vir
279 2488 403 2552 magnae
418 2464 599 2550 prudentiss
614 2464 853 2551 multarumque
868 2465 1044 2545 literamm,
1060 2488 1135 2530 cum
1151 2476 1259 2532 tamen
1275 2478 1363 2532 esset
1380 2478 1418 2532 ut

216 2569 286 2632 lieri
311 2567 395 2631 solet
417 2566 578 2650 petulans,
599 2587 676 2629 cum
702 2565 847 2649 ejusdem
870 2566 941 2631 vitii
960 2566 1030 2631 viro
1054 2567 1221 2652 Stephano
1248 2569 1288 2633 de
1312 2569 1417 2633 Beau-

217 2673 333 2755 champ
365 2669 518 2734 omnibus
557 2668 651 2733 bonis
689 2668 845 2733 militibus
876 2669 968 2755 quasi
1002 2669 1164 2755 despectis
1193 2671 1418 2757 frequentabat

216 2773 364 2859 alloquia.
418 2772 483 2836 Hic
505 2772 539 2834 in
561 2771 742 2836 arctissimo
765 2771 959 2836 discriminis
989 2772 1135 2851 articulo,
1156 2773 1225 2857 jam
1255 2774 1418 2840 animante

216 2877 307 2956 tuba,
327 2875 463 2939 firmatis
486 2873 648 2958 utrimque
674 2873 784 2959 galeis,
806 2875 908 2939 hastis
935 2875 977 2940 ad
1005 2874 1264 2940 submittendum
1292 2877 1419 2958 erectis,

216 2981 327 3064 clipeis
352 2977 540 3064 pectoribus
566 2977 726 3056 obductis,
750 2978 870 3043 strictis
885 3000 1043 3062 equorum
1054 2979 1165 3057 frenis,
1180 2999 1198 3042 a
1212 2978 1308 3044 bonis
1328 2982 1418 3045 auxi-

215 3084 295 3147 lium
325 3093 360 3148 et
388 3082 559 3146 consilium
593 3103 668 3146 cum
707 3082 810 3146 multa
837 3081 1045 3146 festinatione
1082 3081 1225 3167 petebat,
1253 3084 1419 3169 Stephano

217 3196 370 3272 tanquam
384 3185 492 3249 inutili
507 3195 678 3249 retroacto.
724 3185 787 3249 Cui
802 3185 934 3270 quidam
950 3207 990 3249 ex
1005 3185 1100 3249 bonis
1115 3195 1193 3250 vota
1214 3186 1419 3271 Stephanum

217 3312 327 3354 comes
349 3287 479 3353 erubuit
497 3287 729 3372 improperium
744 3287 926 3366 advertens,
949 3298 982 3352 et
997 3287 1042 3351 ait
1056 3288 1207 3351 omnibus
1223 3310 1305 3372 quos
1320 3290 1419 3355 advo-

218 3400 343 3456 caverat
373 3389 519 3468 consilio,
550 3388 792 3452 “Miseremini
819 3388 892 3466 mei,
922 3387 982 3452 nec
1011 3387 1082 3451 sitis
1108 3387 1148 3450 ad
1185 3389 1419 3472 ignoscendum

218 3492 363 3557 difficiles
390 3489 577 3570 confitenti3
611 3489 710 3554 homo
740 3489 852 3554 multae
878 3487 1021 3552 libidinis
1044 3509 1115 3572 ego,
1138 3510 1212 3552 cum
1244 3511 1296 3553 me
1324 3502 1420 3556 vocat

218 3596 349 3660 domina
363 3615 435 3658 mea
446 3593 571 3671 Venus,
596 3612 678 3656 voco
705 3613 835 3656 servum
861 3591 933 3674 ejus
960 3589 1163 3675 Stephanum
1178 3590 1362 3655 ministrum
1377 3593 1418 3656 ad

217 3695 404 3781 hujusmodi
429 3693 722 3780 promptissimum,
746 3714 821 3756 cum
850 3712 928 3755 vero
959 3691 1062 3770 Mars,
1086 3691 1234 3756 alumnos
1260 3693 1330 3776 ejus
1359 3715 1419 3757 vos

216 3801 362 3875 consulo,
392 3797 481 3882 quod
505 3805 614 3861 autem
629 3795 659 3860 ei
674 3816 745 3859 mea
760 3795 826 3859 fere
841 3815 970 3879 semper
985 3794 1071 3858 auris
1094 3794 1248 3874 adhoeret,
1263 3816 1300 3859 os
1314 3795 1419 3880 loqui·

217 3913 281 3982 tur,
302 3913 336 3967 et
359 3922 475 3966 verum
488 3898 582 3965 vobis
608 3899 685 3962 hinc
711 3907 771 3977 est,
798 3897 886 3982 quod
912 3898 1032 3962 Veneri
1060 3896 1262 3962 voluntarius
1304 3899 1420 3979 servio,

220 4005 320 4070 Marti
334 4005 438 4068 milito
453 4001 616 4068 coactus.''
662 4001 817 4066 Riserunt
831 4023 956 4079 omnes,
978 4011 1012 4065 et
1037 4001 1112 4064 data
1126 4001 1220 4064 venia
1242 4001 1421 4086 praestitere

218 4107 416 4194 praesidium.
462 4105 550 4170 Hinc
565 4115 602 4169 ut
617 4104 733 4189 opinor
752 4104 905 4188 estquod
923 4104 1053 4188 quidam
1069 4124 1160 4189 reges
1175 4103 1296 4170 abactis
1312 4104 1420 4168 liberis
