3650 4852
249 579 404 646 emma]
625 579 672 624 nn
697 578 807 625 suors
829 578 1055 630 auersatam.
1395 567 1436 626 65

232 729 320 815 quod
335 751 433 818 super
447 749 561 797 eorum
575 728 734 816 petitione
749 740 906 800 tractatus
921 735 1014 802 fieret
1027 735 1080 802 vel
1095 735 1269 816 dubitatio,
1282 741 1436 802 vocatus-

232 855 295 918 que
320 856 340 898 a
359 835 500 920 quodam
516 855 633 918 magno
648 835 814 918 pontifice,
829 837 882 902 oui
896 839 994 904 etiam
1008 839 1063 906 ille
1078 840 1241 905 maximus
1257 861 1342 926 papa
1356 859 1435 904 oon-

230 937 409 1003 fessionum
424 959 535 1004 euram
554 935 750 1022 injunxerat,
774 938 906 1004 consedi
921 938 1051 1024 signum
1073 941 1114 1006 ad
1129 941 1290 1026 sagittam,
1306 939 1434 1004 multis-

231 1061 294 1124 que
318 1039 511 1126 legisperitis
537 1048 571 1104 et
593 1040 808 1124 prudentibus
831 1039 950 1121 ascitis,
966 1041 1096 1108 deducti
1123 1050 1201 1107 sunt
1225 1041 1267 1106 ad
1290 1063 1344 1107 me
1365 1039 1432 1106 duo

229 1141 384 1222 Valdesii,
399 1142 456 1228 qui
477 1163 536 1205 sua
549 1140 743 1207 ridebantur
756 1143 791 1208 in
806 1153 895 1208 seete
908 1143 1074 1230 praecipui,
1089 1143 1286 1230 disputaturi
1300 1163 1430 1208 meeum

231 1244 271 1309 de
285 1244 361 1326 fide,
376 1267 443 1310 non
458 1267 567 1311 amore
581 1244 726 1310 veritatis
740 1245 952 1331 inquirendae,
967 1247 1026 1313 sed
1039 1255 1079 1312 ut
1093 1271 1145 1313 me
1167 1248 1317 1314 convicto
1342 1246 1430 1310 olau-

229 1345 361 1412 deretur
375 1369 412 1412 os
428 1369 538 1414 meum
554 1347 645 1434 quasi
660 1348 822 1434 loquentis
837 1346 958 1434 iniqua.
1001 1349 1150 1416 'limidus
1171 1352 1275 1416 fateor
1290 1349 1370 1428 sedi,
1385 1369 1428 1414 ne

228 1451 370 1537 peooatis
393 1450 597 1536 exigentibus
620 1452 655 1516 in
679 1451 816 1516 coneilio
841 1451 921 1514 mibi
946 1461 1038 1518 tanto
1060 1452 1162 1538 gratia
1176 1463 1346 1540 negaretur
1360 1471 1428 1516 ser-

228 1555 346 1620 monis.
390 1555 413 1621 J
414 1555 498 1620 ussit
519 1577 572 1620 me
594 1554 742 1640 pontifex
756 1553 894 1639 experiri
908 1555 1063 1620 adversus
1078 1577 1146 1637 eos,
1160 1558 1215 1643 qui
1230 1555 1427 1643 respondere

227 1658 391 1745 parabam.
436 1659 546 1724 Primo
560 1657 658 1745 igitur
672 1657 827 1743 proposui
842 1657 1017 1738 levissima,
1036 1681 1109 1745 quoe
1129 1661 1251 1726 nemini
1276 1661 1354 1726 lieet
1377 1656 1427 1744 ig·

225 1762 342 1842 norari,
358 1761 463 1828 saiens
478 1762 567 1847 quod
588 1761 679 1826 asino
694 1759 850 1826 oerdones
864 1759 1005 1841 rudenti,
1019 1761 1185 1848 indignam
1199 1763 1322 1829 habent
1340 1759 1427 1825 labia

225 1864 394 1944 lactucam,
408 1862 583 1929 “Creditis
596 1863 632 1929 in
658 1864 768 1928 Deum
795 1863 978 1948 patrem?'’
1022 1865 1285 1951 Responderunt,
1310 1868 1334 1904 “
1345 1862 1425 1930 Cre-

226 1967 365 2031 dimus.”
410 1967 489 2031 “Et
517 1967 552 2030 in
580 1965 683 2032 filium
699 1967 734 2031 l''
779 1966 1043 2052 Responderunt,
1058 1968 1296 2036 “Credimus''
1341 1971 1364 2006 “
1377 1966 1425 2031 Et

224 2069 627 2155 inspiritumsanctum?”
657 2069 920 2154 Responderunt,
935 2069 1172 2136 “Credimus''
1202 2067 1424 2149 lterum,“ln

223 2181 360 2237 matrem
372 2171 495 2237 Christi
505 2171 542 2236 ?''
557 2179 591 2236 et
604 2171 650 2236 illi
665 2170 755 2250 item,
771 2169 1002 2235 “Credimus”
1029 2171 1076 2237 Et
1089 2173 1130 2238 ab
1145 2175 1297 2240 omnibus
1312 2171 1424 2237 multi-

223 2275 300 2361 plioi
325 2284 403 2339 sunt
424 2273 562 2339 ohmore
577 2272 684 2353 derisi,
699 2272 889 2356 confusique
914 2284 1128 2362 recesserunt,
1155 2287 1188 2342 et
1208 2277 1324 2342 merito
1348 2272 1424 2359 quia

222 2398 243 2440 a
255 2375 346 2440 nullo
360 2375 553 2462 regebantur
567 2383 601 2440 et
614 2384 756 2440 rectores
771 2372 968 2460 appetebant
982 2374 1063 2454 fieri,
1090 2377 1281 2444 Phaetontis
1307 2377 1423 2453 instar,

223 2479 279 2564 qui
289 2500 350 2544 neo
364 2478 497 2543 nomina
510 2478 603 2544 novit
617 2499 784 2563 equorum.
831 2475 889 2540 Hii
904 2484 991 2540 oerta
1005 2497 1166 2562 nusquam
1180 2479 1303 2546 habent
1318 2476 1423 2542 domi·

221 2580 305 2660 ailia,
315 2580 381 2645 vivi
390 2590 424 2646 et
433 2579 498 2646 vivi
516 2580 551 2662 (i)
563 2581 731 2646 circueunt
741 2577 821 2644 nudi
831 2578 943 2664 pedes,
954 2578 1055 2644 laneis
1070 2581 1243 2663 induti,nil
1252 2581 1422 2660 hebentes,

222 2681 332 2745 omnia
355 2680 417 2745 sibi
437 2683 621 2748 communia
644 2691 799 2770 tanquam
824 2681 974 2768 apostoli,
999 2682 1080 2747 nudi
1102 2686 1228 2750 nudum
1253 2683 1422 2751 Christum

224 2794 407 2870 sequentes.
438 2784 632 2851 Humillimo
643 2808 732 2851 nuno
742 2783 903 2870 incipiunt
917 2783 1015 2849 modo
1026 2785 1102 2871 quia
1110 2789 1226 2872 pedem
1235 2788 1353 2854 inferre
1364 2809 1422 2853 ne·

222 2896 356 2973 queunt,
371 2909 454 2973 quos
469 2888 497 2954 si
511 2889 737 2954 admiserimus
751 2887 961 2974 expellemur.
1009 2888 1076 2956 Qui
1101 2912 1168 2958 non
1194 2893 1297 2960 eredit
1310 2891 1421 2959 audiat

221 2987 309 3075 quod
324 2990 514 3074 praediobrm
528 3000 580 3056 est
600 2990 640 3056 de
655 2990 729 3055 hiis.
773 2989 860 3056 Sunt
881 3000 967 3056 certe
982 2994 1183 3078 temporibus
1198 2995 1331 3075 nostris,
1344 2995 1421 3061 lieet

218 3114 239 3157 a
263 3092 359 3158 nobis
385 3094 546 3160 damnatis
580 3103 614 3159 et
638 3092 764 3171 derisis,
787 3093 843 3178 qui
866 3092 966 3158 fidem
990 3115 1117 3160 servare
1139 3095 1253 3176 velint,
1275 3094 1336 3160 etsi
1360 3116 1420 3180 po·

218 3196 387 3261 nanturad
397 3197 566 3275 rationem,
581 3205 620 3260 ut
634 3194 758 3261 dudum
769 3205 895 3280 ponant
909 3196 1033 3262 animas
1046 3219 1121 3262 suas
1136 3220 1196 3282 pro
1212 3208 1342 3285 pastore
1357 3218 1418 3262 suo

220 3296 353 3362 domino
368 3297 391 3363 J
392 3297 493 3378 besu;
516 3298 575 3364 sed
589 3299 699 3364 neseio
715 3319 781 3384 quo
803 3299 874 3364 zelo
896 3299 1003 3364 ductis
1020 3299 1071 3364 vel
1085 3301 1265 3366 conductis.
1310 3299 1418 3366 Nobis

218 3409 331 3465 nostra
344 3399 509 3466 viluerunt
523 3411 681 3486 tempora,
696 3400 789 3487 quasi
804 3402 926 3482 lerrea3
948 3401 1139 3487 placuerunt
1164 3402 1298 3488 antiqua
1326 3402 1418 3467 velut

215 3523 295 3566 auro
310 3502 472 3583 lucentia3
487 3502 638 3568 historias
652 3502 693 3570 ab
708 3503 802 3569 initio
817 3505 859 3568 ad
873 3525 935 3569 nos
956 3525 1060 3589 usque
1075 3503 1231 3570 deductas
1246 3503 1417 3581 habemus,

214 3602 342 3668 fabriles
366 3603 463 3668 etiam
486 3602 635 3688 legimus,
649 3615 684 3672 et
706 3627 771 3692 quo
786 3606 912 3691 plaeere
938 3605 1079 3671 debeant
1092 3606 1261 3672 intellectu
1276 3605 1416 3690 mystieo

214 3705 378 3772 novimus.
422 3704 566 3770 Attende
590 3706 684 3772 Caim
706 3707 865 3786 invidum,
885 3707 1056 3773 Gomorroe
1080 3709 1167 3774 aives
1193 3716 1227 3772 et
1252 3706 1417 3786 Sodoma,

214 3830 281 3874 non
307 3829 412 3872 unum
438 3809 511 3874 dico
534 3808 594 3872 sed
617 3809 658 3873 ad
681 3831 785 3874 unum
811 3808 918 3874 omnis
941 3807 1061 3873 luxurii
1085 3805 1274 3891 perfluidos,
1289 3803 1416 3889 Joseph

211 3909 394 3991 venditum,
418 3911 620 3977 Pharaonem
642 3933 701 3998 per
726 3921 777 3977 tot
803 3912 958 3998 punitum
983 3909 1105 3996 plagas,
1130 3908 1290 3996 populum
1312 3907 1416 3975 vitulo

212 4014 301 4080 idolo
327 4036 424 4081 aureo
440 4017 514 4082 Deo
536 4025 571 4082 et
592 4017 696 4083 eleeto
711 4017 847 4082 Domini
869 4037 929 4104 per
951 4014 1070 4080 deserti
1085 4010 1275 4098 purissimas
1290 4010 1415 4077 exhibi-

209 4117 318 4184 tiones
333 4117 498 4199 rebellem,
513 4119 699 4206 superbiam
726 4121 848 4203 Datan,
871 4120 1117 4208 protervitatem
1140 4113 1284 4195 zambri,
1306 4115 1415 4200 bellu·

256 4239 372 4287 cauo.
387 4241 462 4287 soe.
1215 4239 1240 4284 u
