3650 4852
393 499 438 559 40
834 509 1023 556 austrum
1047 509 1168 556 MAPES
1424 511 1545 578 [nudae.
1556 513 1581 566 Ῐ.

395 663 495 749 nigris
530 661 696 728 monachis
726 672 765 727 ut
792 660 982 726 contrariam
1014 682 1126 726 eorum
1154 660 1300 726 vestibus
1328 673 1453 728 vestem
1490 664 1596 730 albam

394 767 547 831 habeant.
600 765 839 830 Monachomm
873 785 970 828 nemo
1007 785 1101 828 carne
1133 763 1186 828 vel
1222 765 1378 848 sanguine
1405 766 1597 831 vescebatur

395 879 471 934 ante
493 879 640 954 tempora
663 869 776 932 Karcli
798 867 916 952 magni,
932 865 987 951 qui
1001 866 1127 930 devotis
1149 866 1293 950 optinuit
1312 890 1331 931 a
1350 850 1461 933 Leone
1483 871 1596 953 papa*

396 970 686 1056 supplicationibus
715 992 810 1034 usum
848 967 1013 1052 sanguinis
1046 967 1256 1032 cismontanis
1284 970 1463 1050 monachis,
1491 973 1596 1055 impe·

394 1091 484 1140 trans
506 1075 553 1138 eis
577 1074 684 1138 oleum
709 1073 943 1156 lardinumque,
976 1091 1044 1133 non
1065 1069 1222 1133 haberent
1244 1070 1405 1136 laurinum
1427 1081 1465 1136 ut
1487 1081 1595 1136 trans·

394 1175 551 1241 montani.
603 1177 784 1241 Licentiam
812 1176 897 1238 hano
922 1173 977 1236 isti
1006 1194 1071 1236 non
1098 1172 1311 1257 suscipientes
1340 1175 1506 1260 antiquam
1528 1175 1595 1238 dis·

393 1279 576 1343 trictionem
593 1279 707 1343 semite
723 1286 863 1357 servant,
883 1285 921 1340 ut
940 1274 981 1339 ab
996 1296 1054 1338 esu
1076 1275 1242 1338 carnium:
1273 1276 1301 1340 si
1315 1285 1353 1340 ut
1367 1276 1461 1340 alieni
1477 1297 1592 1361 porcos

391 1390 502 1446 tamen
531 1380 572 1444 ad
602 1379 690 1444 milia
726 1380 827 1443 multa
863 1377 1022 1455 nutriunt,
1051 1375 1191 1440 bacones
1219 1376 1296 1441 inde
1324 1377 1480 1457 vendunt,
1509 1378 1593 1442 forte

392 1504 459 1546 non
485 1503 616 1547 omncs:
641 1481 756 1566 capita,
771 1480 878 1558 tibias,
893 1477 993 1562 pedes
1017 1498 1077 1541 nec
1097 1476 1186 1556 dant,
1201 1498 1262 1542 nec
1276 1477 1434 1556 rendunt,
1448 1500 1509 1543 nec
1534 1478 1592 1563 eji-

391 1583 483 1649 ciunt
490 1607 500 1662 3
523 1604 588 1668 quo
612 1582 785 1648 deveniant
807 1581 899 1645 Deus
925 1578 997 1644 scit.
1046 1578 1200 1644 Similiter
1225 1581 1324 1645 etde
1352 1580 1478 1666 gallinis
1507 1580 1593 1646 inter

392 1684 574 1749 Dominum
594 1683 638 1748 sit
660 1692 694 1747 et
715 1683 817 1766 ipsos,
832 1680 949 1766 quibus
965 1680 1133 1745 abundant
1158 1683 1329 1758 maxime.†
1372 1683 1591 1748 Eeclesiarum

390 1785 614 1872 possessiones
626 1785 836 1862 devoverunt,
848 1793 882 1848 et
896 1782 1100 1848 omnimodas
1115 1784 1254 1869 injustas
1268 1785 1469 1871 adoptiones,
1480 1785 1591 1852 labore

390 1907 547 1951 manuum
563 1907 693 1949 suerum
708 1906 783 1949 oum
804 1884 952 1969 apostolo
967 1885 1125 1965 viventes,
1140 1888 1230 1952 omni
1245 1880 1378 1953 seclusa
1392 1889 1590 1973 cupiditate;

392 1989 450 2054 sed
465 1989 506 2051 ad
517 1996 648 2071 tempus
662 1985 773 2050 nescio
788 1986 866 2071 quid
877 1997 1127 2071 proposuerunt,
1142 1999 1199 2054 aut
1212 1990 1247 2053 in
1257 1990 1361 2056 botris
1371 1991 1590 2077 promiserint,

391 2092 449 2156 sed
472 2089 624 2176 quioquid
645 2088 852 2174 promiserint
876 2088 1068 2154 subsecutus
1091 2099 1141 2154 est
1163 2092 1298 2172 fruetus,
1323 2092 1411 2157 unde
1436 2095 1589 2158 timemus

390 2194 531 2260 arbores.
576 2193 618 2256 In
639 2191 791 2256 omnibus
806 2200 886 2257 tuno
900 2213 936 2256 sc
950 2191 1140 2276 suppliciter
1153 2203 1187 2258 et
1213 2193 1401 2280 simpliciter
1413 2193 1589 2276 habebant,

389 2295 579 2374 nihilavide,
589 2294 671 2358 nihil
679 2295 809 2380 proprie
816 2294 983 2374 facientes,
995 2294 1074 2358 nulli
1086 2305 1240 2378 negantes
1250 2295 1414 2361 emulatim
1425 2297 1589 2378 solatium,

388 2399 470 2464 nulli
484 2397 638 2462 facientes
654 2396 742 2482 quod
756 2395 819 2460 sibi
834 2395 964 2460 nollunt
979 2394 1059 2474 fieri,
1073 2396 1155 2460 nulli
1178 2397 1299 2462 malum
1322 2419 1382 2482 pro
1406 2397 1491 2463 malo
1514 2399 1588 2464 red·

389 2502 514 2580 dentes,
528 2499 749 2564 innocentiam
773 2496 814 2562 ab
839 2497 972 2562 infamia
997 2507 1174 2577 servantes,
1198 2497 1245 2562 ita
1266 2498 1447 2563 balsamum
1461 2522 1481 2563 a
1494 2500 1564 2566 luto
1575 2525 1586 2580 3

389 2625 501 2669 eorum
517 2602 625 2667 cuncti
638 2600 816 2665 laudabant
831 2599 975 2680 sabbata,
990 2599 1122 2685 fierique
1144 2598 1319 2683 cupiebant
1331 2609 1370 2664 ut
1394 2599 1451 2666 illi.
1496 2601 1587 2666 Facti

389 2715 467 2769 sunt
476 2704 574 2788 igitur
588 2702 623 2766 in
634 2701 792 2787 populum
808 2701 950 2765 multum
961 2701 1070 2780 nimis,
1085 2711 1118 2766 et
1132 2701 1165 2764 in
1182 2702 1296 2764 domos
1311 2701 1397 2766 aucti
1411 2700 1587 2787 plurimas3

387 2806 521 2870 nomina
532 2805 619 2870 enim
631 2804 803 2868 domorum
818 2801 852 2867 in
868 2825 903 2867 se
918 2803 1075 2868 claudunt
1089 2801 1209 2888 aliquid
1220 2802 1398 2867 divinitatis
1410 2805 1586 2886 oraculum,

387 2917 426 2972 ut
441 2903 890 2984 Casa-Dei,Vallis·Domini,
902 2904 1161 2985 Portus-salutis,
1175 2905 1467 2985 Ascende-coelum,
1484 2907 1586 2972 Mira-

387 3009 490 3088 vallis,
510 3008 669 3084 Lucerna,
695 3006 919 3088 Clara-vallis3
941 3008 1018 3074 hinc
1034 3017 1124 3072 ortus
1139 3015 1192 3071 est
1202 3005 1416 3087 Barnardunt
1431 3016 1465 3072 et
1478 3007 1585 3074 lucere

386 3110 486 3194 coepit
509 3108 595 3173 inter
619 3108 699 3173 alios
721 3107 788 3174 imo
811 3131 909 3194 super
922 3109 1013 3188 alios,
1035 3118 1074 3173 ut
1097 3107 1230 3172 Lucifer
1253 3107 1338 3172 inter
1360 3119 1519 3174 nocturna
1542 3109 1587 3175 si-

386 3211 474 3292 dera,
497 3211 549 3276 vir
561 3209 753 3296 eloquentiae
774 3221 946 3296 promptae,
961 3211 1017 3298 qui
1029 3209 1121 3296 bigas
1135 3210 1332 3276 circumduci
1354 3232 1413 3296 per
1438 3211 1584 3278 civitates

417 3410 434 3446 *
450 3411 517 3476 Pope
528 3409 580 3461 Lao
591 3411 656 3470 111„
667 3411 721 3461 who
732 3411 852 3476 occupied
862 3412 905 3462 tbe
915 3409 989 3476 papal
1000 3411 1068 3461 ehair
1078 3411 1142 3461 from
1154 3413 1201 3464 795
1213 3415 1240 3461 to
1252 3411 1308 3461 816.

416 3511 436 3566 †
452 3508 566 3572 Nigellus
575 3507 690 3560 Wircker
700 3523 755 3572 says
767 3509 796 3558 ol
804 3509 847 3558 the
858 3509 996 3559 Cirtercim
1006 3509 1139 3568 monle,-

614 3607 632 3634 “
644 3604 704 3653 Non
715 3604 846 3653 comedent
856 3619 951 3664 carnes,
963 3604 1011 3654 nisi
1021 3621 1078 3654 cum
1090 3605 1227 3668 permiserit
1237 3605 1321 3665 abbas,

677 3683 857 3748 Prepesiturve
867 3685 925 3745 loci,
937 3684 968 3734 de
979 3687 1134 3749 piantem

641 3763 676 3813 Et
687 3764 744 3826 quie
754 3763 939 3828 quadrupedum
950 3765 1065 3829 prohibet
1076 3779 1120 3814 sua
1129 3765 1214 3828 regula
1224 3779 1318 3824 carna,

674 3843 729 3892 Nec
738 3845 799 3893 sinit
808 3846 847 3894 hir
856 3845 923 3894 vesci
932 3859 978 3908 prc
988 3846 1106 3907 gmvitrte
1116 3845 1164 3902 mi,

642 3921 705 3974 Qun
716 3923 782 3972 volat
791 3929 834 3973 aut
844 3925 921 3974 currit
932 3941 1028 3989 semper
1038 3926 1143 3990 eupiunt
1149 3923 1295 3988 bipedalem,

674 4001 733 4051 Non
743 4003 801 4066 quia
811 4005 844 4054 sit
854 4005 949 4068 maior,
960 4007 1004 4057 sod
1014 4008 1072 4073 qula
1081 4021 1137 4058 rara
1146 4006 1253 4070 magiw’

413 4119 428 4179 ss
445 4116 557 4168 samur
566 4114 596 4168 cl
604 4115 743 4167 Chium
