3610 4852
5 497 10 536 l

243 520 366 584 Caprae]
622 517 667 561 os
692 517 802 562 nuere
827 517 1051 562 corrnerunt.
1372 507 1433 562 225

225 687 375 775 principii
390 685 572 752 ascribebat
585 685 724 764 familia,
741 695 774 750 et
788 686 840 750 cui
856 685 964 749 minus
979 685 1145 749 annuatim
1158 684 1433 752 dabaturcentum

225 813 283 876 per
304 790 461 856 nuncium
485 812 581 853 suum
602 787 801 873 percipiebat
822 789 956 866 solidos,
979 799 1013 854 et
1042 789 1301 874 quandocunque
1330 790 1435 855 eonti-

224 893 326 978 gisaet
347 894 476 978 abipso
493 891 647 970 mandari,
663 891 861 978 suscipiebat
874 893 908 955 in
925 893 1067 956 adventu
1083 913 1142 956 suo
1159 893 1294 978 singulis
1318 881 1432 958 diebus

226 1017 389 1061 arecessu
404 994 587 1060 residentiae
610 1015 678 1058 sura
701 993 844 1078 singulos
868 993 1000 1058 solidos.
1047 993 1121 1057 Hoc
1148 1005 1257 1058 autem
1278 996 1376 1060 modo
1399 1018 1434 1061 se

225 1099 365 1164 babebat
386 1099 421 1162 in
443 1120 554 1183 regno.
604 1097 794 1162 Certissime
816 1095 1007 1182 providebat
1029 1107 1062 1160 et
1076 1099 1283 1182 pronunciari
1297 1098 1434 1164 faciebat

225 1201 354 1286 publice
381 1203 450 1266 dies
475 1201 599 1266 itineris
624 1211 658 1265 et
678 1200 977 1285 perhendinationis
1003 1222 1080 1278 suae,
1110 1222 1282 1266 numerum
1307 1203 1432 1268 dierum

225 1316 259 1371 et
291 1306 425 1369 nomina
458 1306 616 1384 villarum,
638 1314 677 1368 ut
697 1314 811 1388 posset
834 1304 914 1368 seire
936 1304 1042 1390 quivis
1065 1326 1172 1369 errore
1198 1315 1324 1370 semoto
1354 1308 1431 1372 vitre

226 1429 293 1473 suae
308 1419 431 1473 statum
456 1429 694 1494 parmensem.
738 1406 831 1470 Nihil
856 1406 1052 1490 improvisus
1075 1416 1132 1471 aut
1154 1406 1355 1492 improvidus
1377 1419 1434 1474 aut

226 1519 435 1595 properanter
455 1509 580 1595 egebat.
624 1508 743 1572 Anima
765 1507 861 1591 regali
885 1527 975 1571 more
998 1507 1187 1592 decentique
1213 1510 1433 1576 moderamine

225 1612 372 1691 faciebat,
394 1612 482 1678 unde
504 1635 523 1676 a
545 1611 768 1676 transmarinis
801 1611 842 1674 ad
872 1609 993 1675 curiam
1023 1633 1117 1674 suam
1149 1611 1383 1696 properabatur
1412 1636 1432 1678 a

225 1715 456 1781 mercatoribus
480 1739 554 1781 cum
578 1716 742 1780 mercibus
764 1723 799 1779 et
820 1713 943 1778 deliciis
965 1714 1146 1791 venalibus,
1161 1724 1195 1778 et
1219 1715 1367 1780 similiter
1391 1716 1432 1780 ab

224 1819 376 1882 omnibus
402 1819 527 1904 Anglioe
548 1818 705 1904 partibus,
730 1828 770 1881 ut
792 1839 859 1881 non
886 1826 998 1882 essent
1020 1817 1098 1880 alias
1120 1818 1275 1883 nundinae
1308 1820 1446 1884 fertiles·

224 1944 320 2006 quam
343 1921 426 1986 circa
447 1922 553 2008 ipsum
585 1943 788 2007 quocumque
817 1919 1007 1984 divertebat.
1052 1921 1134 1983 Erat
1162 1931 1270 1985 autem
1304 1945 1432 1987 summa

224 2024 324 2107 gloria
346 2024 416 2108 ejus
438 2023 472 2088 in
496 2021 721 2089 observatione
750 2021 838 2106 pacis
869 2033 903 2086 et
932 2021 964 2084 in
999 2021 1205 2086 subditorum
1235 2023 1298 2087 sibi
1327 2025 1428 2109 copia

224 2126 399 2190 Neminem
420 2127 551 2192 volebat
571 2148 664 2212 egere
681 2125 810 2210 justitia
824 2125 876 2190 vel
891 2145 983 2208 paee.
1027 2123 1250 2188 Constituerat
1265 2136 1374 2191 autem
1389 2128 1430 2192 ad

224 2230 488 2315 tranquillitatem
512 2229 670 2304 omnium,
685 2239 724 2292 ut
738 2227 851 2292 diebus
873 2227 1050 2291 vacationis
1065 2227 1117 2292 vel
1138 2227 1171 2291 in
1195 2228 1294 2294 domo
1316 2252 1432 2314 magna

225 2332 276 2396 vel
298 2331 360 2396 sub
382 2333 458 2397 divo
481 2333 607 2417 copiam
630 2333 680 2396 sui
702 2333 821 2396 faceret
840 2353 942 2416 usque
965 2330 1007 2395 ad
1028 2330 1140 2395 horam
1168 2343 1430 2412 sextemascum

225 2433 347 2497 habeus
370 2433 517 2512 comites,
534 2433 681 2513 barones,
704 2443 738 2498 et
759 2453 908 2516 proceres
919 2453 1118 2496 vavassores.
1155 2433 1300 2500 Juvenes
1322 2443 1431 2498 autem

224 2535 353 2599 familiae
376 2555 442 2598 sure
464 2556 529 2598 non
553 2534 687 2598 aderant
707 2535 737 2598 ei
759 2545 834 2598 ante
856 2533 1039 2618 prandium,
1061 2555 1121 2598 uec
1143 2556 1236 2599 senes
1256 2546 1342 2620 post,
1368 2536 1432 2601 nisi

224 2635 533 2720 quiexvoluntate
557 2657 672 2700 suase
702 2634 892 2722 ingerebant
925 2645 962 2699 ut
991 2635 1153 2700 discerent
1181 2646 1238 2700 aut
1267 2637 1430 2702 docerent.

226 2737 299 2802 Hoc
310 2748 418 2801 autem
431 2736 528 2800 modo
544 2736 752 2801 continentiae
768 2757 825 2822 per
841 2735 953 2800 orbem
968 2735 1090 2814 audito,
1102 2737 1187 2801 sicut
1201 2737 1271 2802 aliea
1286 2738 1431 2803 vitantur

224 2841 330 2918 curioe,
344 2840 391 2903 sio
412 2839 625 2924 appetebatur
647 2839 720 2917 iste,
743 2849 777 2904 et
798 2840 882 2904 facta
897 2839 1032 2904 celebris
1047 2849 1082 2903 et
1095 2839 1307 2925 frequentata.
1354 2841 1430 2906 Fre-

224 2943 385 3008 nabantur
413 2944 541 3029 tyranni
572 2943 623 3008 vel
652 2943 775 3008 domini
804 2943 857 3006 vel
886 2943 1037 3021 ministri,
1067 2943 1293 3009 continebatur
1323 2946 1429 3009 omnis

225 3047 368 3126 avaritia,
391 3069 464 3133 quae
486 3057 565 3112 tunc
587 3045 693 3110 adhuc
716 3056 785 3110 erat
806 3045 933 3124 vitium,
956 3069 1045 3112 nunc
1067 3047 1215 3112 alborum
1246 3059 1299 3113 est
1319 3049 1429 3134 regula

224 3151 466 3215 monachorum.
511 3151 619 3213 Nemo
646 3148 760 3214 diebus
782 3148 846 3212 illis
868 3170 992 3234 pauper
1014 3149 1077 3212 nisi
1100 3151 1221 3214 fatuus.
1267 3149 1370 3214 Cibus
1396 3163 1430 3216 et

224 3266 322 3340 potus
352 3252 477 3317 avidius
510 3250 670 3317 dabantur
701 3275 797 3336 quam
830 3251 1050 3316 sumebantur.
1097 3253 1288 3338 Cuicunque
1310 3275 1429 3338 propo-

225 3357 322 3422 situm
346 3364 414 3420 erat
439 3376 480 3419 ex
502 3354 607 3419 alieno
629 3353 749 3432 vivere,
778 3352 898 3439 ubique
929 3365 996 3417 tarn
1025 3363 1188 3437 gratanter
1216 3355 1430 3419 exhibebatur

224 3471 262 3525 ut
291 3481 450 3544 nusquam
482 3457 706 3543 ignominiosae
728 3457 804 3520 vitae
837 3456 983 3540 puderet.
1029 3457 1113 3521 Cum
1142 3458 1214 3542 quis
1239 3479 1348 3522 comes
1372 3469 1430 3521 aut

226 3585 413 3648 magnorum
439 3562 625 3648 principum
651 3583 691 3625 ex
714 3559 838 3645 judicio
864 3559 999 3623 cadebat
1024 3560 1058 3622 in
1082 3560 1165 3644 regis
1188 3571 1226 3624 ut
1248 3561 1311 3625 dici
1345 3560 1429 3624 solet

224 3663 486 3741 misericordiam,
509 3663 649 3728 multum
679 3671 748 3726 erat
779 3662 854 3725 dare
877 3682 905 3725 c.
928 3661 1060 3740 solidos,
1090 3682 1172 3745 quos
1203 3671 1310 3726 mmen
1343 3661 1427 3724 infra

224 3765 398 3829 triennium
429 3764 645 3849 persolvebat,
677 3773 711 3826 et
744 3764 784 3826 de
816 3762 953 3847 querelis
983 3763 1072 3847 prius
1099 3763 1178 3827 ortis
1209 3785 1273 3848 pax
1299 3763 1331 3827 in
1355 3763 1426 3826 foro

224 3867 310 3953 regio
345 3867 524 3952 cuicunque
570 3866 631 3931 sub
671 3866 889 3930 misericordia
927 3866 1116 3931 constituto.
1196 3867 1268 3931 Hac
1316 3875 1424 3930 autem

224 3993 320 4035 causa
342 3967 436 4031 multi
458 3967 688 4052 delinquebant
712 3977 751 4031 ut
775 3967 955 4032 inciderent
976 3967 1008 4030 in
1032 3967 1147 4053 ipsam,
1170 3978 1203 4033 et
1223 3966 1426 4038 delectaban-¹

224 4083 278 4137 tur
299 4072 333 4135 in
356 4093 394 4135 ea
423 4071 536 4136 teneri.
582 4071 662 4135 Erat
693 4081 801 4134 autem
832 4091 888 4134 rex
921 4071 1083 4135 Henricus
1115 4093 1169 4136 rex
1200 4071 1337 4155 Angliee,
1360 4070 1427 4133 dure

271 4195 386 4240 cauo.
403 4194 477 4239 soc.
1187 4183 1249 4240 te
