3608 4862
391 533 452 593 126
822 543 1010 590 ausurum
1036 542 1156 588 naras
1386 545 1507 608 [nisano.
1522 545 1574 596 111.

389 741 464 782 cum
479 726 573 802 parat
587 715 690 780 amico
714 736 774 780 suo
796 735 970 791 venenum,
985 723 1019 778 et
1033 712 1165 777 lintheis
1180 713 1310 776 clausus
1324 713 1436 778 interit
1450 715 1588 784 infectis.

389 821 532 885 Mortem
564 819 663 882 Lausi
685 819 863 903 loquuntur
886 837 1011 896 omnes,
1038 817 1096 881 sed
1119 816 1253 880 modum
1286 817 1447 898 nesciunt,
1469 842 1530 886 nec
1554 821 1588 884 in

387 945 458 988 eam
474 921 634 1007 quispiam
645 921 721 1005 quid
734 921 886 1005 loquatur
900 920 1064 1005 agnoscit,
1087 929 1208 983 etcum
1219 919 1307 983 nulla
1319 920 1362 982 sit
1373 921 1413 984 de
1424 921 1588 1006 proditore

388 1025 540 1109 suspicio,
555 1023 644 1087 nulla
659 1024 703 1087 sit
717 1024 751 1086 in
766 1023 874 1108 ipsum
887 1023 1079 1107 proditionis
1091 1023 1226 1087 mentio.
1264 1023 1358 1087 Mors
1371 1047 1445 1088 cum
1457 1025 1588 1091 homine

388 1129 537 1208 decessit,
552 1129 646 1212 cujus
658 1149 787 1192 causam
804 1128 911 1191 nullus
927 1127 1062 1191 invenit.
1109 1127 1299 1193 Queruntur
1316 1136 1349 1192 et
1363 1127 1445 1192 flant
1464 1151 1588 1209 omnes,

388 1233 444 1296 sed
457 1253 570 1296 omnes
582 1232 744 1296 excedunt
755 1230 901 1296 lacrimas
913 1230 1054 1294 lamenta
1062 1229 1252 1314 proditoris3
1276 1229 1380 1294 crines
1391 1231 1501 1295 avellit
1512 1242 1588 1296 etse

386 1335 504 1420 pugnis
515 1335 610 1400 caedit
620 1334 955 1414 homicida,saevitiam
968 1333 1088 1418 pietate
1099 1333 1220 1418 palliat,
1228 1332 1288 1397 sub
1299 1333 1418 1397 amoris
1428 1343 1588 1418 praetextu

388 1439 555 1502 veritatem
582 1439 698 1502 avertit
723 1437 800 1516 odii,
816 1459 913 1522 supra
929 1437 1064 1500 cadaver
1086 1457 1120 1500 sc
1143 1437 1272 1521 projicit
1294 1435 1329 1500 in
1351 1436 1527 1516 tumulum,
1538 1438 1587 1501 in·

386 1542 477 1607 viciis
501 1551 534 1606 et
556 1540 653 1604 minis
679 1549 793 1605 contra
816 1540 883 1604 vim
908 1539 1090 1603 vetantium
1114 1538 1242 1622 sepeliri
1264 1547 1440 1623 proterret.
1486 1539 1588 1605 Morti

388 1643 502 1706 Parius
517 1663 584 1706 non
600 1643 725 1706 homini
740 1642 874 1726 parabat
888 1641 1051 1725 exequias,
1066 1651 1100 1706 et
1115 1663 1185 1704 eam
1201 1651 1294 1705 caute
1309 1663 1417 1706 coram
1435 1643 1586 1707 omnibus

386 1745 560 1824 intumbat,
577 1755 709 1827 accepta
729 1745 785 1809 vix
803 1744 934 1808 tandem
957 1744 1178 1808 consolatione
1203 1744 1282 1808 foris
1304 1766 1368 1829 qua
1390 1767 1457 1809 non
1474 1746 1588 1831 egebat

386 1847 532 1926 interius,
539 1847 668 1911 sublimi
679 1847 767 1911 solus
778 1847 841 1911 alta
851 1848 972 1912 cervice
982 1846 1139 1932 superbit,
1147 1845 1228 1910 solio
1238 1847 1308 1910 sine
1321 1858 1471 1912 consorte
1480 1848 1587 1912 locum

387 1970 516 2014 omnem
532 1949 695 2014 obtinens.
741 1951 890 2014 Interit.
924 1999 933 2014 .
967 1950 1065 2016 ‚veri
1081 1949 1201 2014 doloris
1216 1949 1325 2013 index.
1369 1949 1469 2014 Lausi
1484 1951 1586 2016 filium

387 2055 595 2138 superstitem
617 2055 742 2120 inducit
764 2055 798 2118 iu
821 2055 987 2140 palatium,
1002 2077 1139 2140 puerum
1154 2054 1285 2138 quidem
1300 2053 1446 2117 amabilis
1461 2055 1588 2139 elegan-

384 2157 449 2235 tiae,
465 2157 610 2222 moribus
632 2167 666 2222 et
687 2159 790 2222 forma
809 2158 972 2238 nobilem;
993 2158 1159 2243 patricidoe
1182 2179 1242 2223 suo
1264 2157 1402 2222 traditur
1424 2159 1458 2222 in
1480 2157 1586 2222 officio

385 2261 486 2345 patris
509 2261 716 2340 erudiendus,
730 2261 826 2346 lupus
847 2283 966 2346 agnum
988 2259 1105 2345 accipit
1128 2260 1262 2338 inultus,
1284 2269 1318 2324 et
1337 2270 1450 2324 contra
1469 2261 1586 2326 mentis

386 2363 554 2428 arbitrium
570 2364 727 2430 exultatio
743 2386 777 2429 se
789 2365 921 2428 exhibet
935 2365 970 2428 in
984 2364 1088 2428 vultu.
1118 2364 1204 2428 Puer
1218 2363 1294 2427 lelix
1306 2364 1453 2428 eruditur
1467 2364 1501 2428 in
1518 2387 1586 2428 mo·

386 2466 469 2546 dico,
481 2475 514 2531 et
528 2465 656 2552 proficit
671 2466 705 2529 in
721 2465 827 2530 officio
842 2466 1011 2546 decenter3
1030 2466 1098 2550 jam
1114 2465 1148 2529 in
1163 2476 1341 2552 conspectu
1363 2467 1444 2530 Nini
1463 2475 1586 2532 tantam

384 2568 485 2632 habet
497 2568 643 2652 gratiam,
657 2577 696 2630 ut
711 2577 778 2631 tam
806 2568 916 2632 Lauso
931 2568 1120 2653 praeferatur
1142 2590 1238 2652 quam
1256 2569 1361 2634 Pario.
1400 2568 1474 2633 Jam
1492 2591 1588 2634 omne

386 2671 557 2735 consilium
577 2670 677 2736 habet
698 2691 772 2736 cum
788 2692 889 2756 puero
904 2693 971 2751 rex,
990 2671 1071 2734 nihil
1086 2671 1116 2734 ei
1131 2693 1206 2736 curn
1229 2672 1334 2750 Paria,
1354 2673 1422 2757 jam
1444 2672 1486 2736 ad
1507 2672 1588 2737 nibil

387 2821 396 2838 .
442 2821 450 2838 .
495 2819 503 2834 .
534 2797 689 2838 manuum
716 2783 750 2838 et
775 2774 897 2859 pedum
921 2773 1005 2858 regis
1030 2775 1182 2858 frequens
1201 2785 1251 2839 est
1268 2796 1349 2861 puer
1363 2786 1397 2840 et
1412 2796 1587 2840 concursus

386 2897 553 2960 nunquam
569 2877 647 2940 furit
661 2898 735 2961 ergo
751 2878 803 2939 fur
817 2877 908 2940 homi
933 2925 940 2941 .
986 2924 995 2942 .
1041 2923 1050 2940 .
1076 2898 1127 2941 crs
1143 2899 1272 2942 onmem
1289 2878 1408 2943 excitat
1422 2878 1587 2942 audaciam

441 3023 450 3041 .
497 3025 505 3042 .
551 2979 789 3043 .consumitur
803 2988 837 3044 et
850 2979 884 3042 in
899 2979 1053 3064 pristinas
1069 2979 1154 3044 redit
1191 3027 1200 3045 .
1244 3027 1255 3047 .
1300 3027 1308 3044 .
1354 3029 1361 3046 .
1407 2991 1520 3046 auctor
1534 3005 1591 3046 an·

385 3079 509 3166 gustias
548 3126 772 3148 .....
816 3104 1016 3168 quaecunque
1031 3084 1162 3148 fuerunt
1176 3084 1228 3148 vel
1243 3105 1315 3148 esse
1362 3129 1588 3151 .....

386 3183 552 3268 triumpho
568 3184 669 3269 petris
683 3207 788 3250 armas
827 3234 835 3250 .
880 3232 888 3247 .
933 3235 941 3249 .
987 3233 996 3250 .
1029 3187 1192 3252 ministrat
1203 3187 1259 3272 qui
1274 3187 1434 3272 suggessit
1471 3233 1482 3253 .
1526 3235 1535 3253 .
1580 3236 1589 3252 .

495 3333 505 3352 .
550 3334 559 3352 .
604 3287 694 3353 omni
705 3287 813 3373 dirigit
826 3289 1030 3374 iniquitatem
1061 3337 1070 3355 .
1116 3337 1125 3354 .
1170 3339 1178 3354 .
1209 3290 1337 3355 deficiat
1346 3290 1398 3354 vel
1409 3289 1590 3356 errabunda

388 3437 397 3455 .
444 3438 452 3455 .
496 3391 622 3456 actibus
638 3391 763 3456 exhibit
778 3393 909 3456 semitas
960 3440 1240 3458 ......
1285 3393 1457 3457 confirmat
1471 3393 1589 3480 impios

387 3495 516 3559 Parium
532 3518 608 3579 ergo
654 3541 989 3560 .......
1032 3496 1166 3560 instruit
1180 3507 1214 3561 et
1228 3496 1262 3560 in
1276 3518 1371 3560 novoe
1387 3496 1588 3581 duplicitatis

386 3597 510 3662 facinus
533 3599 668 3678 inducit,
695 3609 791 3663 vocat
814 3599 928 3663 Parius
951 3621 1047 3684 quem
1074 3599 1266 3664 educaverat
1291 3622 1429 3686 puerum
1456 3600 1590 3665 alaude

388 3702 505 3786 speciei
521 3704 680 3768 sermonis
696 3713 730 3767 et
775 3747 1000 3768 .....
1044 3713 1079 3766 et
1092 3713 1130 3767 ut
1143 3703 1178 3767 iu
1194 3725 1253 3768 exe
1273 3703 1589 3770 rabilcmendacium

387 3805 528 3870 adulatio
555 3806 740 3884 descendat,
761 3806 867 3871 solum
883 3806 991 3890 ipsum
1008 3806 1091 3871 tanti
1106 3807 1189 3891 regis
1212 3806 1427 3870 familiaritate
1443 3807 1589 3892 dignum,

386 3917 454 3971 tam
484 3910 615 3974 secretis
645 3919 757 3995 aptum
779 3909 866 3990 dicit,
892 3909 1056 3995 obsequiis
1083 3910 1321 3974 solicitudinem
1345 3911 1416 3995 ejus
1451 3909 1588 3973 laudatis

387 4010 513 4090 asserit,
523 4011 557 4075 in
581 4035 647 4078 uno
663 4015 733 4078 solo
748 4022 857 4078 tamur
873 4022 943 4078 tota
955 4013 1121 4079 blanditiae
1144 4014 1280 4098 castigat
1302 4034 1453 4092 errorem,
1469 4014 1590 4090 dicens,

387 4113 506 4178 “Cum
522 4123 565 4195 te,
578 4115 762 4181 dulcissime
777 4117 834 4197 fili,
850 4130 965 4181 natura
981 4118 1227 4203 supramodum
1244 4116 1362 4194 beavit,
1379 4127 1413 4182 et
1433 4116 1468 4180 in
1481 4116 1589 4200 singu-
