3650 4852
374 471 417 530 34
808 487 996 533 cunarum
1020 487 1141 534 Maras
1402 493 1524 558 [Diutius.
1534 496 1556 546 I.

372 635 585 720 perdurantes
617 638 651 702 in
681 636 898 717 inclementia,
923 638 1164 724 parvipendunt
1189 639 1305 706 animae
1330 642 1573 725 detrimentum,

372 758 466 802 aures
481 740 522 803 ad
537 740 625 804 aliud
639 749 762 804 erectas
776 740 944 806 habentes.
990 741 1153 806 Perlatum
1169 750 1220 805 est
1234 742 1276 805 ad
1299 744 1488 811 Babilonios
1510 748 1574 812 hoc

373 839 521 920 verbum,
548 853 581 906 et
604 843 834 928 promissorem
858 865 925 907 suae
949 843 1123 908 deditionis
1147 844 1336 910 familiarem
1360 848 1574 916 fortissimum

375 955 598 1026 agnoscentes,
612 967 652 1009 eo
667 945 769 1030 magis
785 953 946 1024 metuunt,
961 968 1025 1030 quo
1042 967 1109 1010 sum
1131 945 1194 1030 legi
1218 949 1319 1031 magis
1346 950 1574 1016 adversitatem

376 1065 504 1131 semper
530 1049 678 1127 odemnt,
694 1047 864 1112 consilium
882 1047 1018 1112 comiter
1042 1049 1169 1128 ineunt,
1193 1051 1310 1133 utqui
1335 1052 1428 1136 quasi
1453 1074 1574 1118 venum

376 1151 551 1232 exponitur
564 1152 803 1236 quanticunque
818 1149 876 1214 fiat
899 1150 940 1215 ab
963 1151 1010 1215 eis
1034 1150 1174 1216 evitatur
1181 1177 1192 1232 3
1215 1153 1387 1238 missisque
1406 1155 1520 1242 legatis
1542 1166 1576 1222 et

375 1252 481 1333 pretio
504 1263 613 1320 taxato
634 1254 710 1318 dolo
732 1254 825 1338 justo
840 1253 962 1316 talenta
977 1253 1110 1318 tradunt
1131 1275 1215 1339 cupa
1235 1265 1356 1335 aurata,
1378 1279 1438 1341 pro
1464 1258 1575 1324 multae

375 1353 587 1435 pretiositatis
614 1377 731 1434 merce,
757 1355 972 1440 timentesque
993 1353 1217 1420 fortitudinem
1244 1356 1386 1422 hominis
1410 1358 1575 1440 invictam,

376 1451 511 1537 ligatum
527 1459 690 1544 accipiunt
703 1480 744 1522 ex
767 1457 928 1523 condicto.
963 1457 1025 1522 Per
1040 1458 1182 1522 medium
1197 1459 1337 1525 civitatis
1354 1461 1576 1529 Christianum

378 1577 414 1620 se
439 1558 608 1641 clamabat,
634 1571 669 1626 et
691 1561 783 1645 quasi
807 1561 972 1625 furentum
996 1559 1222 1644 castigationes
1248 1571 1282 1626 et
1304 1562 1437 1627 verbera
1463 1562 1576 1628 salutis

379 1679 447 1724 suae
456 1662 554 1726 verba
567 1665 746 1749 propalare.
787 1663 819 1726 A
827 1662 954 1727 civibus
966 1662 1094 1727 obviam
1107 1663 1225 1728 festino
1237 1665 1355 1749 gaudio
1366 1665 1574 1730 venientibus

379 1762 526 1842 solvitur,
541 1766 597 1850 qui
612 1766 704 1851 quasi
718 1765 831 1850 patriae
846 1775 983 1849 patrem,
999 1764 1178 1845 domiuum,
1194 1776 1228 1830 et
1251 1767 1453 1834 defensorem
1478 1789 1578 1832 vene·

379 1875 502 1946 rantur,
518 1877 551 1932 et
576 1891 651 1934 cum
678 1868 718 1933 ad
742 1867 881 1932 civitatis
907 1865 1051 1930 medium
1075 1876 1294 1950 pervenemnt
1319 1889 1400 1932 voce
1425 1869 1578 1952 preconia

379 1966 469 2032 citati
484 1969 569 2034 cives
584 1970 705 2051 residui
720 1971 911 2034 adunantur.
956 1967 1093 2032 Elevato
1108 1967 1206 2051 igitur
1217 1979 1250 2034 et
1264 1969 1406 2033 exaltato
1418 1981 1578 2036 concentu

380 2072 635 2151 communi,Deo
645 2095 704 2136 suo
713 2082 818 2157 gratm
828 2069 1110 2155 quasiamanibus
1120 2067 1378 2134 Christianorum
1388 2070 1501 2136 salvati
1510 2093 1578 2136 non

379 2185 508 2240 cessant
517 2175 692 2252 exsolvere,
698 2183 864 2259 sperantes
876 2195 950 2237 cum
960 2173 1000 2236 ad
1006 2168 1226 2235 defensionem
1239 2193 1331 2234 suam
1341 2171 1403 2236 sibi
1413 2171 1579 2256 proficere,

379 2276 454 2360 quia
468 2277 605 2361 praeside
620 2276 781 2340 carebant.
826 2275 886 2339 Ille
901 2295 962 2337 nec
975 2271 1200 2337 blandimento
1215 2295 1275 2338 nec
1289 2297 1395 2359 poenoe
1407 2275 1579 2340 formidine

380 2379 464 2443 trahi
480 2401 514 2443 se
534 2379 666 2463 patitur,
686 2378 868 2442 invocando
878 2384 1016 2460 patrem,
1033 2373 1265 2459 Christumque
1281 2377 1460 2455 confessus,
1474 2386 1579 2442 totam

380 2480 478 2546 simul
491 2483 599 2547 reddit
612 2481 727 2546 urbem
743 2480 926 2545 attonitam.
971 2475 1069 2540 Cives
1078 2475 1176 2561 igitur
1186 2499 1332 2544 seorsum
1344 2478 1467 2543 aturba
1476 2480 1579 2544 multo

381 2582 515 2647 student
523 2583 772 2661 silentio,multo
782 2580 936 2646 conflictu
945 2581 1257 2645 scrutanturcxitum
1265 2583 1434 2667 utriusque
1443 2582 1581 2648 consilii·

380 2686 509 2751 Assunt
522 2686 578 2770 qui
594 2685 705 2748 statim
721 2683 761 2748 de
787 2684 896 2748 medio
919 2685 1023 2747 facere
1050 2691 1207 2766 satagant,
1232 2693 1266 2747 et
1290 2704 1358 2747 non
1383 2683 1502 2748 desunt
1524 2683 1580 2769 qui

380 2789 423 2855 ob
438 2787 650 2853 reverentiam
665 2806 812 2870 personas
827 2785 1024 2870 dignissimae
1047 2794 1202 2850 censeant
1214 2785 1455 2862 reservandum,
1472 2796 1511 2850 ut
1523 2785 1581 2871 qui

380 2891 422 2958 ad
437 2901 567 2975 tempus
583 2888 703 2973 desipit
716 2888 835 2972 aliquid
850 2887 1028 2972 resipiscat.
1060 2885 1397 2954 Convocanturvicini
1406 2888 1580 2973 principes,

382 3003 416 3060 et
430 2993 508 3078 quid
522 2991 579 3056 fiat
593 2991 700 3056 edocti
714 2991 841 3056 diversa
854 2998 1069 3066 murmurant,
1083 2987 1245 3072 proecipue
1260 2989 1316 3073 qui
1327 3011 1362 3054 se
1374 2998 1506 3074 sperant
1515 2989 1581 3056 isto

384 3095 512 3160 sublato
528 3095 568 3160 ad
581 3093 801 3159 defensionem
817 3092 951 3157 eturbis
967 3091 1147 3157 dominium
1163 3091 1327 3175 eligendos
1344 3092 1533 3177 sacrilegum
1549 3104 1583 3158 et

382 3207 564 3284 apostatam
575 3195 829 3281 transfigendum
844 3195 945 3260 aiunt.
990 3193 1057 3261 Qui
1071 3213 1148 3258 vero
1164 3191 1259 3256 saluti
1272 3193 1429 3260 studeant
1443 3195 1533 3260 urbis
1548 3204 1583 3260 et

382 3301 599 3378 indemnitati,
615 3298 862 3384 supplicandum
886 3297 918 3363 ei
931 3295 1112 3362 consultius
1129 3293 1325 3359 arbitrantur
1350 3319 1370 3359 a
1392 3297 1580 3363 concivibus

382 3417 416 3474 et
431 3405 586 3492 cognatis,
601 3412 640 3467 ut
653 3403 773 3487 pietate
787 3400 931 3466 nutritiae
946 3397 1085 3464 civitatis
1100 3406 1135 3462 et
1149 3417 1257 3460 amore
1271 3396 1483 3462 nobilissimas
1505 3420 1581 3484 cog-

381 3509 523 3575 nationis
539 3529 557 3572 a
571 3507 679 3570 furore
694 3504 840 3581 desistat,
855 3501 1002 3588 celatque
1017 3501 1096 3565 deos
1110 3509 1241 3585 patrum
1256 3520 1411 3578 suorum3
1434 3501 1523 3583 quod
1542 3511 1582 3566 ut

383 3609 578 3678 omnimodis
603 3608 643 3672 fit
667 3606 756 3670 nulla
779 3604 888 3692 potuit
910 3603 1155 3690 supplicatione,
1175 3599 1249 3664 ullis
1269 3599 1409 3665 lacrimis
1431 3601 1582 3698 obtineri,

383 3716 499 3780 ductus
525 3713 622 3797 igitur
638 3710 679 3773 ad
698 3709 843 3794 stipitem
869 3707 1027 3791 alligatur,
1053 3713 1086 3768 et
1110 3704 1143 3767 in
1171 3703 1277 3768 modis
1303 3701 1581 3768 nobilissimorum

383 3827 560 3902 martyrum
575 3814 660 3899 regis
675 3811 862 3878 Eadmundi
883 3822 918 3875 et
941 3808 1029 3874 beati
1054 3805 1248 3884 Sebastiani,
1274 3804 1399 3888 sagittis
1424 3803 1581 3885 inmissis,

382 3921 424 3984 ad
440 3919 607 3983 Christum
623 3917 773 3980 mittitur.
818 3912 993 3981 Quomodo
1010 3911 1053 3975 sit
1066 3910 1120 3974 hic
1134 3930 1174 3974 ex
1190 3928 1271 3992 aqua
1286 3916 1320 3970 et
1335 3906 1451 3991 spiritu
1468 3916 1580 3971 sancto

384 4031 527 4100 renatus,
534 4020 637 4104 liquet
647 4017 724 4083 satis
733 4017 821 4102 quod
830 4015 960 4101 sanguis
969 4015 1076 4100 liquor
1084 4021 1145 4092 est,
1156 4019 1190 4076 et
1200 4007 1306 4074 omnis
1321 4009 1428 4093 liquor
1436 4029 1477 4073 ex
1491 4029 1584 4092 aqua.
