3610 4852
362 510 423 582 176
795 533 984 577 coaevam
1002 531 1124 575 navus
1362 531 1478 593 [unam.
1493 529 1544 578 111.

360 717 458 760 manu
473 698 550 762 lorti
566 699 745 766 Romanam
763 699 847 765 rexit
861 699 1039 778 ecclesiam,
1055 721 1073 762 a
1089 699 1182 783 cujus
1197 707 1235 762 ut
1249 695 1368 764 dicitur
1382 697 1563 783 possessio-

358 807 455 873 nibus
469 811 615 874 0mnium
632 833 856 877 successorum
872 833 1005 877 suorum
1021 810 1222 895 temporibus
1238 810 1359 896 aliquid
1378 811 1524 875 defluxit.

403 913 597 978 Audivimus
614 917 701 1000 quod
718 917 786 980 Leo
806 939 889 1001 papa
910 915 1000 979 dedit
1019 914 1149 978 initium
1174 935 1278 978 causae
1303 936 1367 998 qua
1393 914 1562 978 castellum

360 1035 507 1079 crescens
523 1017 639 1096 adbuc,
654 1018 745 1104 quasi
768 1017 974 1082 exhaeredato
994 1015 1090 1080 beato
1107 1015 1203 1079 Petro
1221 1014 1308 1078 Petri
1323 1015 1446 1079 Leonis
1461 1016 1563 1080 haere-

360 1117 417 1182 des
434 1118 591 1182 detinent.
637 1119 753 1182 Petrus
768 1119 821 1182 ille
837 1117 959 1182 Leonis
974 1117 1111 1182 Judoeus
1127 1118 1168 1182 ad
1190 1117 1288 1182 fidem
1304 1127 1449 1182 nostram
1464 1139 1562 1202 opera

363 1219 484 1284 Leonis
510 1242 603 1306 papoe
627 1243 802 1286 conversus
818 1232 880 1300 est,
895 1231 928 1286 et
950 1219 990 1284 ab
1013 1220 1085 1304 ipso
1109 1221 1230 1285 Leonis
1254 1241 1413 1306 agnomen
1436 1219 1561 1299 habuit,

361 1323 552 1409 studuitque
570 1325 638 1389 Leo
654 1347 738 1410 papa
752 1326 861 1410 ipsum
880 1321 1060 1389 redditibus
1076 1333 1109 1388 at
1125 1323 1254 1407 praediis
1270 1324 1433 1408 ampliare,
1449 1323 1562 1388 castel-

360 1426 447 1510 lique
469 1427 615 1511 praedicti
638 1428 668 1493 ei
695 1428 875 1493 custodiam
900 1427 1047 1505 contulit,
1078 1427 1118 1490 ad
1142 1427 1213 1512 ejus
1240 1427 1510 1512 magnificentiam
1528 1435 1563 1490 et

359 1529 529 1608 honorem,
538 1540 571 1594 et
585 1529 777 1595 nobilissimi
790 1531 869 1596 civis
885 1532 914 1595 ei
934 1530 1033 1594 filiam
1044 1550 1179 1595 uxorem
1195 1531 1294 1609 dedit,
1310 1553 1348 1595 ex
1365 1552 1429 1614 qua
1446 1531 1561 1594 Petrus

361 1632 532 1695 duodecim
548 1633 690 1716 suscepit
710 1633 805 1707 filice,
830 1655 911 1718 quos
935 1633 1006 1718 ipse
1029 1633 1201 1718 prudentia
1216 1655 1275 1697 sua
1302 1633 1435 1717 singulis
1464 1631 1562 1696 stabi-

360 1731 432 1796 livit
445 1731 624 1796 honoribus
640 1742 674 1797 et
690 1755 836 1797 summos
858 1732 892 1797 in
916 1733 1045 1799 civitate
1068 1735 1249 1799 constituit.
1296 1735 1440 1820 Reliquit
1454 1743 1561 1798 autem

362 1834 409 1900 eis
424 1835 547 1898 castelli
561 1836 755 1915 custodiam,
776 1837 887 1901 dicens
905 1837 968 1901 hoc
993 1837 1103 1917 modo,
1119 1837 1291 1902 duodecim
1306 1838 1352 1902 eis
1367 1839 1472 1924 virgas
1488 1835 1562 1902 forti

362 1939 475 2022 ligatas
490 1937 619 2003 vinculo
635 1939 735 2018 dedit,
750 1950 788 2003 ut
803 1939 858 2026 qui
873 1962 927 2004 eas
943 1941 1012 2004 sinc
1028 1941 1189 2005 solutione
1203 1941 1324 2005 vinculi
1339 1963 1438 2005 manu
1453 1950 1563 2025 posset

361 2040 477 2106 inermi
492 2041 692 2128 confringere
707 2043 832 2128 primus
843 2043 874 2106 in
888 2044 1076 2108 haereditate
1093 2043 1245 2128 deinceps
1260 2044 1443 2109 haberetur.
1488 2043 1562 2107 Sin·

360 2145 510 2229 gulorum
524 2145 623 2229 igitur
637 2145 807 2210 conatibus
818 2145 929 2223 elusis,
946 2146 1028 2210 solvi
1039 2145 1139 2230 jussit
1153 2146 1292 2230 virgulas
1305 2157 1339 2210 et
1347 2167 1562 2232 unumquem-

362 2269 424 2334 que
440 2269 532 2312 suam
546 2248 701 2334 frangere,
717 2249 804 2334 quod
819 2249 852 2312 in
868 2257 1035 2313 momento
1050 2249 1172 2313 factum
1187 2259 1248 2314 est.
1285 2250 1342 2313 Ait
1356 2271 1442 2334 ergo,
1465 2253 1488 2286 “
1500 2248 1563 2326 Sic,

361 2351 419 2414 filii
435 2352 499 2416 mei
514 2350 687 2430 karissimi,
703 2353 782 2416 dum
799 2350 908 2415 unitos
923 2350 1041 2415 amoris
1057 2351 1187 2415 vinculo
1202 2374 1262 2417 vos
1277 2353 1423 2417 inveniet
1436 2351 1563 2416 hostili·

360 2463 422 2532 tas,
437 2455 523 2520 victa
542 2455 672 2532 resiliet,
688 2477 771 2541 quos
787 2475 986 2541 quacunque
1010 2453 1060 2518 via
1081 2453 1196 2519 fortior
1221 2463 1385 2540 separatos
1409 2455 1563 2519 invaserit

360 2556 605 2641 triumphabit.'’
640 2555 694 2620 Sic
711 2556 796 2620 Petri
813 2576 1009 2641 suorumque
1025 2555 1182 2641 sapientia
1198 2567 1232 2621 et
1246 2558 1365 2621 astutia
1377 2557 1562 2643 sequacium

362 2660 482 2724 mansit
504 2660 591 2745 apud
613 2681 670 2724 eos
693 2659 785 2744 quasi
806 2659 977 2723 haereditas
999 2659 1230 2743 patrimonium
1255 2659 1387 2725 Christi.
1433 2661 1563 2725 Nostris

361 2763 459 2828 etiam
474 2763 675 2847 temporibus
691 2763 833 2848 perdidit
846 2762 1030 2826 Alexander
1040 2783 1123 2846 papa
1138 2762 1281 2826 tertius*
1296 2763 1563 2828 consuetudinem

361 2874 464 2950 portae
478 2864 565 2928 beati
582 2864 680 2942 Petri,
695 2885 792 2948 quarn
807 2863 979 2949 pedagium
996 2862 1120 2942 dicunt,
1135 2873 1170 2927 ct
1184 2863 1283 2929 altare
1299 2861 1497 2929 dominicum
1512 2885 1564 2928 eo-

361 2966 467 3032 clcsiae
480 2966 584 3050 ipsius
599 2967 632 3029 in
652 2989 785 3030 manum
800 2966 926 3044 laicam,
942 2965 1086 3050 praefecti
1102 2965 1226 3046 scilicet
1248 2967 1407 3047 Romani3
1429 2977 1463 3032 et
1478 2989 1564 3031 nunc

360 3068 458 3134 hodie
473 3089 492 3130 a
508 3065 663 3130 Romanis
674 3068 795 3132 electus
807 3077 857 3131 est
872 3067 995 3131 Lucius
1005 3063 1089 3151 papa
1100 3087 1267 3132 successor
1278 3067 1454 3132 Alexandri
1465 3069 1564 3146 tertii,

362 3171 418 3256 qui
431 3171 535 3234 fuerat
550 3191 636 3233 anno
651 3170 815 3254 praeterito
828 3169 1002 3234 Hubaldus
1015 3170 1203 3234 Hostiensis
1216 3171 1388 3256 episcopus
1400 3181 1434 3236 et
1444 3183 1564 3238 sanctae

362 3276 520 3340 Romanoa
535 3273 678 3339 ecclesia
694 3273 874 3338 Cardinalis
890 3283 924 3338 et
940 3273 1128 3338 Hostienais
1143 3274 1348 3359 episcopus.†

563 3497 614 3560 De
628 3501 736 3559 sutore
754 3496 1094 3577 Constantinopolitano
1101 3496 1288 3577 fantastica.
1310 3495 1365 3560 xii.

405 3660 541 3726 Circiter
549 3658 635 3722 idem
645 3667 775 3743 tempus
788 3679 853 3742 quo
866 3655 1046 3721 Gerbertus
1057 3657 1228 3722 fantastica
1238 3658 1390 3724 felicitate
1401 3660 1565 3740 floruerat,

358 3764 489 3850 juvenis
513 3785 532 3826 a
557 3759 844 3846 Constantinopoli
869 3759 909 3824 da
934 3758 1028 3845 plebe
1054 3772 1157 3839 sutor,
1181 3769 1214 3826 et
1239 3761 1325 3826 illius
1348 3763 1426 3828 artis
1451 3785 1565 3829 omncs

395 3952 410 3984 *
428 3951 569 3999 Alexander
586 3949 638 4000 111.
657 3965 705 3998 was
722 3964 786 4012 pope
803 3947 865 3998 from
885 3951 948 4002 1159
981 3965 1030 3998 vas
1050 3949 1149 3998 Hubald
1166 3949 1274 3998 cardinal
1291 3951 1320 4000 ο1
1337 3951 1375 4000 st.
1394 3951 1497 4000 Praxide
1516 3953 1566 4000 aud

362 4039 389 4080 to
403 4033 474 4079 1181.
981 4031 1068 4094 bisbop
1084 4031 1112 4080 ο1
1127 4031 1207 4080 Ostia.
1243 4031 1284 4080 He
1301 4047 1349 4080 was
1365 4031 1458 4081 elected
1475 4048 1508 4080 ou
1524 4033 1568 4081 the

396 4116 413 4172 †
436 4112 596 4161 Alexandar's
618 4127 755 4171 successor,
775 4111 866 4160 Lucius
887 4111 947 4170 111,
984 4113 1021 4159 lst
1034 4112 1102 4174 Sept.
1117 4113 1187 4170 1181,
1199 4113 1312 4161 ιιιάᾱίοά
1324 4114 1350 4161 in
1364 4115 1435 4162 1185.
