3608 4862
390 469 452 526 150
822 480 1010 526 concrum
1035 478 1156 524 uanus
1390 475 1572 540 [numam.

385 649 559 730 foemineae,
574 649 705 735 proprio
721 649 754 714 id
771 659 822 714 est
836 650 932 714 malo.
976 647 1082 712 Variis
1097 655 1131 712 et
1146 645 1281 712 diversis
1296 645 1453 711 incedunt
1467 647 1591 712 semitis

383 753 540 832 foeminae,
554 753 800 839 quibuscunque
825 753 1022 818 anfractibus
1044 761 1161 830 errent,
1180 750 1439 835 quantiscunque
1461 750 1592 816 devient

385 857 492 936 inviis,
522 857 638 922 unicus
667 866 728 932 est
747 858 864 937 exitus,
894 857 990 922 unica
1015 855 1160 921 omnium
1185 853 1311 917 viarum
1338 876 1468 919 suarum
1494 865 1590 933 meta,

384 958 519 1023 unicum
535 968 632 1043 caput
647 967 680 1023 et
695 967 875 1024 conventus
902 958 1048 1023 omnium
1070 954 1295 1021 diversitatum
1310 976 1442 1020 suarum
1457 956 1588 1022 malitia.

385 1058 547 1145 Exemplo
575 1059 690 1124 harum
715 1059 972 1145 experimentum
999 1080 1087 1145 cape,
1103 1058 1190 1142 quod
1214 1057 1320 1122 audax
1342 1065 1394 1121 est
1416 1057 1457 1120 ad
1480 1057 1589 1122 omnia

385 1183 585 1248 quaecunque
613 1173 700 1228 amat
714 1163 765 1228 vel
789 1163 859 1229 odit
879 1162 1023 1241 foemina,
1047 1170 1080 1226 et
1094 1159 1266 1226 artificiosa
1288 1180 1404 1224 nocere
1419 1182 1494 1224 cum
1508 1161 1589 1239 vult,

386 1264 474 1351 quod
485 1286 612 1350 semper
623 1265 693 1330 vult
702 1276 736 1329 et
745 1265 929 1350 frequenter
938 1290 947 1345 3
970 1288 1044 1329 cum
1055 1267 1170 1350 juvare
1181 1263 1385 1348 paratobest,
1401 1264 1489 1328 unde
1500 1263 1538 1327 lit
1555 1271 1590 1328 ut

387 1376 503 1432 noceat
513 1377 548 1432 et
563 1366 687 1433 nolens.
732 1369 773 1432 In
782 1369 911 1434 fornace
922 1369 1048 1454 positus
1060 1390 1114 1447 es3
1138 1367 1165 1432 si
1173 1389 1288 1430 aurum
1298 1388 1343 1445 cs,
1355 1365 1458 1431 exibis
1468 1365 1588 1450 purior.

430 1469 584 1554 Dejanira
604 1469 811 1554 Tirynthium
833 1470 971 1535 interula
986 1469 1128 1549 vestivit,
1144 1479 1178 1534 et
1195 1479 1416 1534 monstrorum
1437 1468 1588 1533 malleum

387 1573 526 1638 monstri
548 1571 703 1656 sanguine
718 1571 787 1636 ulta
801 1583 862 1652 est,
879 1572 1003 1658 sibique
1021 1572 1180 1658 processit
1194 1571 1236 1637 ad
1251 1572 1430 1657 lachrymas
1446 1572 1534 1656 quod
1549 1571 1589 1635 ad

387 1675 533 1741 laetitiam
553 1675 735 1740 machinata
750 1685 809 1740 est.
854 1677 978 1756 Amice,
994 1677 1164 1761 trajectum
1189 1676 1254 1741 telo
1282 1676 1432 1740 Herculis
1448 1675 1543 1740 scivit
1557 1685 1591 1740 et

387 1777 471 1844 vidit
497 1777 640 1841 Nessum
668 1777 742 1857 ista,
763 1777 974 1844 nihilominus
1000 1787 1110 1842 tamen
1140 1777 1247 1842 Nesso
1279 1777 1415 1842 credidit
1442 1776 1477 1840 in
1506 1777 1590 1842 ller-

388 1882 504 1961 culem,
524 1891 557 1945 et
572 1880 664 1967 quasi
689 1892 817 1967 sponte,
842 1903 938 1967 quem
953 1883 1072 1947 vestire
1099 1880 1212 1945 debuit
1232 1880 1381 1959 interula,
1396 1879 1529 1945 vestivit
1542 1881 1592 1948 in.

387 1984 496 2049 teritu.
542 1983 654 2048 lnsani
669 1985 784 2070 capitis
799 1995 833 2050 et
854 1983 1030 2069 praecipitis
1045 1983 1145 2048 animi
1167 1982 1309 2060 foemina,
1320 1982 1443 2046 illibata
1464 2003 1590 2068 semper

388 2086 568 2166 voluntate,
583 2085 783 2171 praecipuum
806 2086 979 2151 arbitratur
1001 2085 1088 2170 quod
1103 2085 1184 2162 vult,
1199 2107 1266 2148 non
1281 2084 1370 2169 quod
1384 2085 1536 2169 expedit3
1557 2095 1591 2150 et

386 2197 425 2252 ut
439 2210 506 2272 prae
523 2187 675 2252 omnibus
690 2188 815 2272 placere
831 2189 930 2273 cupit,
956 2187 1112 2272 placitum
1140 2208 1237 2249 suum
1265 2186 1417 2250 omnibus
1440 2189 1589 2271 praeferre

391 2291 540 2356 consulta
561 2301 622 2356 est.
667 2291 849 2356 Duodecim
872 2290 1067 2356 inhumanos
1089 2289 1215 2354 labores
1238 2289 1477 2353 consummavit
1507 2291 1592 2354 Her-

388 2394 495 2473 cules3
517 2417 536 2459 a
564 2394 786 2460 tertiodecimo
816 2394 872 2480 qui
898 2415 1028 2460 omnem
1054 2392 1324 2456 inhumanitatem
1350 2391 1488 2458 excessit
1513 2415 1590 2457 con·

388 2506 540 2580 sumptus
556 2506 617 2560 est.
663 2495 716 2560 Sic
736 2495 931 2561 fortissimus
946 2495 1116 2562 hominum
1131 2517 1223 2580 mque
1237 2496 1416 2580 gemendus
1432 2506 1470 2559 ut
1483 2515 1592 2580 geme-

388 2595 520 2660 bundus
536 2596 700 2676 occubuit,
716 2597 771 2681 qui
786 2597 858 2662 coeli
873 2619 979 2661 arcem
1001 2595 1144 2662 humeris
1160 2595 1230 2660 sine
1244 2596 1368 2680 gemitu
1383 2595 1592 2662 sustinuerat.

431 2699 576 2762 Tandem
607 2721 679 2784 quaa
704 2722 847 2785 unquam
868 2700 953 2763 inter
974 2709 1025 2762 tot
1046 2697 1135 2760 milia
1156 2697 1281 2761 milium
1304 2697 1453 2762 sedulum
1475 2697 1593 2762 sollici-

389 2808 523 2886 tumque
545 2811 746 2886 precatorem
770 2811 927 2888 perpetua
942 2801 1146 2866 contristavit
1166 2801 1315 2886 repulsa?
1342 2800 1392 2866 vel
1417 2822 1490 2886 quae
1515 2823 1593 2866 con-

390 2914 514 2969 stanter
534 2905 681 2989 praecidit
694 2905 793 2970 verba
807 2906 971 2991 petentis?
994 2907 1138 2970 favorem
1162 2905 1248 2990 sapit
1272 2905 1341 2990 ejus
1365 2905 1546 2988 responsio,
1560 2915 1594 2970 et

390 3017 676 3092 quantumcunque
692 3009 772 3073 dura
785 3010 882 3074 fuerit
905 3029 1032 3094 semper
1053 3008 1087 3072 in
1111 3009 1218 3093 aliquo
1233 3006 1323 3074 verbi
1338 3007 1389 3070 sui
1404 3008 1523 3092 angulo
1537 3007 1594 3072 ali·

390 3131 486 3195 quem
503 3120 567 3175 tuse
578 3111 745 3197 petitionis
757 3113 904 3178 fomitem
919 3111 1111 3197 implicitum
1127 3108 1259 3176 habebit
1268 3135 1278 3190 3
1301 3132 1373 3196 quae
1396 3110 1473 3175 licet
1486 3121 1594 3197 negat,

390 3212 480 3278 nulla
494 3223 658 3299 pernegat.
704 3213 827 3300 Irrupit
841 3236 956 3279 aurum
970 3215 1005 3278 in
1020 3213 1261 3299 propugnacula
1275 3214 1372 3278 turris
1388 3212 1517 3293 Acrisii,
1527 3213 1594 3277 val-

389 3315 508 3402 loque*
531 3316 701 3402 multiplici
725 3318 882 3402 signatam
906 3319 1036 3381 Danaes
1051 3317 1240 3401 pudicitiam
1257 3316 1363 3382 solvit.
1407 3316 1533 3395 Amice,
1549 3315 1596 3380 sic

386 3420 504 3504 virgini
518 3441 591 3504 quaa
606 3429 691 3485 terra
712 3420 966 3506 triumphaverat
980 3419 1021 3485 de
1036 3420 1118 3485 ooelo
1132 3419 1216 3504 pluit
1236 3419 1399 3499 incestus3
1429 3419 1476 3483 sic
1496 3441 1595 3504 quam

390 3545 457 3588 non
482 3524 564 3588 fallit
585 3524 718 3588 humilis
734 3524 836 3588 vincit
859 3523 1027 3603 sublimis3
1050 3522 1097 3588 sic
1120 3523 1265 3588 arborem
1286 3546 1382 3609 quam
1403 3545 1471 3588 non
1487 3533 1598 3588 movet

390 3629 565 3709 Favonius,
581 3629 698 3694 evertit
712 3629 841 3714 Aquilo.
887 3627 1081 3704 Periccero†
1096 3627 1186 3712 virgo
1204 3649 1341 3714 vergens
1360 3627 1395 3691 in
1410 3627 1548 3706 senium,
1563 3637 1599 3692 et

421 3800 436 3828 ²*
453 3814 579 3862 maroque,
591 3801 649 3850 MS.
662 3800 781 3849 Arundel.
1007 3800 1035 3847 in
1046 3799 1089 3848 the
1101 3799 1164 3847 Brit.
1177 3799 1246 3848 Mur.
1280 3799 1598 3865 Thetextprintedintha

422 3881 751 3944 †Thewholeparagruph‚
766 3884 896 3932 Pulccero
926 3915 934 3930 .
968 3915 975 3930 .
1008 3881 1089 3930 vorke
1101 3882 1130 3930 ol
1141 3883 1177 3930 St.
1190 3882 1291 3932 Jeroma
1302 3885 1368 3946 gives
1380 3883 1422 3933 thr
1433 3898 1504 3933 name
1515 3883 1597 3944 tyara

385 3963 549 4024 presumatis
568 3964 672 4012 omitted
690 3964 716 4012 in
734 3964 776 4012 the
796 3963 891 4012 Oxford
909 3963 976 4022 MS,
1009 3962 1103 4012 instead
1120 3963 1292 4014 ofPerr'ccero.

389 4043 438 4092 aud
449 4043 470 4092 is
482 4044 539 4092 herc
550 4045 664 4108 supplied
676 4045 738 4094 from
751 4060 798 4095 one
807 4047 835 4094 of
844 4046 886 4094 the
898 4044 975 4093 MSS.
