3608 4862
229 540 348 606 casin]
560 541 607 585 na
625 541 735 586 soors
753 539 977 586 cunraaruu.
1340 527 1401 586 143

197 731 284 789 vera,
307 709 334 774 si
354 729 552 796 perseveras.
598 710 679 775 Ideo
704 711 793 796 loqui
815 709 1002 796 prohibeor,
1028 709 1173 774 raritatis
1199 731 1311 794 augur,
1334 731 1401 776 non

196 811 385 899 voluptatis.
430 811 618 876 Lusciniam
634 834 708 877 amo
723 823 757 878 et
771 812 937 892 merulam,
954 833 1026 897 quae
1045 811 1191 876 laetitiam
1213 832 1299 875 aurae
1320 811 1402 876 lenis

198 923 356 979 concentu
372 912 498 999 placido
513 913 769 999 praeloquuntur,
784 925 818 979 et
839 915 1047 999 potissimum
1073 915 1305 1000 philomenam,
1331 934 1402 998 quae

199 1027 319 1103 optatae
334 1025 464 1102 tempus
486 1017 700 1102 jocunditatis
720 1026 791 1082 tota
815 1017 1000 1082 deliciarum
1021 1018 1223 1103 plenitudine
1240 1017 1402 1095 cumulat3

199 1141 261 1185 nec
275 1120 379 1185 fallor.
426 1119 619 1184 Gnathones
632 1121 738 1206 diligis
754 1130 788 1185 et
798 1121 1018 1199 commendas,
1029 1121 1085 1205 qui
1100 1120 1210 1186 dulces
1225 1141 1404 1206 praesusur·

200 1232 274 1288 rant
284 1221 462 1302 illecebras,
474 1232 508 1286 et
518 1224 681 1309 praecipuc
691 1223 819 1303 Circen,
825 1245 897 1308 quae
909 1223 969 1288 tibi
979 1223 1146 1308 suspiratae
1157 1223 1324 1288 suavitatis
1334 1244 1403 1287 aro·

200 1337 286 1392 mate
296 1327 518 1413 gaudiaplenu
528 1327 709 1413 profundit,
724 1337 762 1392 ut
776 1327 905 1392 fallaris.
939 1328 992 1393 Ne
1009 1350 1065 1392 sus
1080 1327 1139 1392 fias
1155 1336 1212 1391 aut
1224 1327 1345 1406 asinus,
1355 1336 1404 1390 ta·

200 1450 272 1495 cere
285 1451 354 1495 non
368 1451 514 1514 possum.
539 1429 697 1515 Propinat
711 1430 772 1494 tibi
791 1429 951 1494 mellitum
972 1429 1103 1494 toxicon
1119 1428 1267 1494 minister
1282 1428 1401 1504 Babel;

200 1529 318 1596 blande
332 1530 512 1615 ingreditur
526 1540 561 1595 et
575 1530 725 1611 delectat,
741 1540 775 1596 et
788 1532 948 1616 impetum
971 1531 1103 1614 spiritus
1127 1531 1176 1595 tui
1201 1531 1354 1596 conducit
1364 1533 1403 1587 τ*

202 1633 275 1698 ideo
290 1633 382 1718 loqui
398 1633 583 1719 prohibeor.
614 1633 688 1699 Scio
703 1634 792 1719 quod
807 1634 840 1698 in
852 1632 1032 1699 novissimo
1047 1645 1084 1698 ut
1098 1633 1229 1700 coluber
1243 1630 1406 1698 mordebit

202 1743 235 1798 et
249 1735 368 1800 vulnus
384 1734 550 1820 imprimet
561 1735 666 1820 impar
677 1737 768 1800 omni
779 1735 889 1801 toxico
900 1741 942 1811 rt
965 1735 1039 1802 ideo
1055 1745 1160 1801 tacere
1171 1757 1239 1800 non
1255 1756 1403 1820 possum.

202 1838 329 1904 Multos
345 1837 445 1903 habes
460 1839 639 1924 voluptatis
654 1849 720 1904 tuae
730 1861 937 1926 persuasores
952 1839 986 1904 in
1002 1849 1100 1925 caput
1110 1849 1204 1904 tuum
1214 1838 1405 1904 facundissi-

202 1964 285 2022 mos,
299 1941 470 2006 mesalum
485 1942 648 2026 elinguem
663 1964 846 2026 praeconem
857 1943 1003 2008 veritatis
1015 1965 1130 2009 amaras
1143 1966 1239 2028 quam
1249 1963 1404 2006 nauseasr

201 2045 276 2110 ideo
291 2045 380 2130 loqui
395 2044 581 2129 prohibeor.
626 2044 813 2130 Reprobata
827 2055 878 2110 est
892 2045 982 2110 fatua
996 2067 1060 2110 roa
1072 2046 1193 2110 anseris
1205 2045 1289 2110 inter
1300 2044 1405 2109 olores

201 2157 330 2214 tantum
360 2147 519 2212 delectare
549 2147 664 2214 doctos
676 2173 686 2229 ;
718 2170 756 2214 ea
784 2157 895 2212 tamen
926 2157 1093 2213 senatores
1122 2147 1253 2212 edocuit
1283 2149 1405 2212 salvare

202 2251 318 2316 urbem
332 2249 494 2330 incendic,
509 2251 680 2316 thesauros
695 2250 818 2336 rapina,
835 2271 870 2315 se
885 2251 975 2336 ipsos
990 2275 1009 2316 a
1024 2252 1097 2316 telis
1111 2251 1266 2316 hostium.
1297 2249 1406 2315 Forsi-

202 2362 259 2417 tan
274 2362 312 2417 tu
327 2375 401 2418 cunr
417 2353 622 2418 senatoribus
648 2354 821 2438 intelliges,
836 2354 911 2439 quia
926 2353 1069 2438 prudens
1085 2375 1131 2432 es,
1146 2353 1233 2438 quod
1248 2363 1406 2437 organant

202 2456 262 2522 tihi
286 2457 392 2522 olores
413 2456 594 2535 interitum,
610 2466 644 2522 et
658 2479 754 2522 anser
768 2457 907 2522 salutem
933 2457 1049 2542 strepit
1061 2459 1098 2536 =‡
1122 2456 1195 2521 ideo
1217 2465 1323 2521 tacere
1337 2477 1405 2520 non

202 2583 350 2647 possum.
394 2561 566 2628 Desiderio
589 2571 647 2626 tuo
669 2570 759 2626 totus
781 2560 1005 2640 inflammaris,
1020 2570 1054 2626 et
1077 2560 1217 2646 speciosi
1238 2559 1406 2624 nobilitate

203 2665 317 2750 capitis
334 2664 500 2742 seductus,
512 2665 698 2730 chimaeram
712 2663 811 2729 miser
825 2663 931 2728 nescis
946 2684 1018 2728 esso
1038 2662 1127 2748 quod
1140 2661 1236 2748 petis,
1252 2663 1310 2728 sed
1325 2663 1407 2728 scira

202 2765 344 2832 devores
366 2765 453 2852 quod
478 2767 624 2831 triforme
648 2775 832 2832 monstrum
854 2764 937 2830 illud
955 2765 1093 2850 insignis
1119 2773 1312 2831 venustetur
1325 2764 1406 2830 facie

201 2868 319 2948 leonis,
344 2867 463 2934 olentis
487 2868 668 2933 maculetur
691 2877 804 2934 ventre
830 2867 930 2952 capri,
955 2866 1124 2932 vinrlentae
1138 2875 1280 2932 armetur
1306 2867 1408 2932 cauda

203 2971 337 3057 viperae:
360 2971 434 3035 ideo
443 2971 533 3056 loqui
543 2970 728 3056 prohibeor.
762 2969 981 3052 lllectus§est
991 2970 1107 3035 Ulixes
1118 2969 1312 3055 symphonia
1322 2968 1408 3034 Sire-

202 3095 294 3153 num,
311 3074 369 3138 sed
383 3075 459 3159 quia
471 3073 622 3139 Sirenum
638 3095 735 3138 voces
753 3081 787 3136 et
805 3071 916 3136 Circes
931 3071 1048 3156 pocula
1062 3072 1181 3154 noviti!
1198 3072 1327 3138 virtutis
1346 3072 1409 3137 sibi

201 3173 339 3241 vinculis
364 3175 433 3240 rim
456 3176 545 3254 fecit,
566 3185 603 3240 ut
618 3175 735 3240 ritaret
749 3173 949 3257 voraginem.
992 3173 1064 3259 Ego
1081 3183 1190 3238 autem
1213 3175 1248 3238 in
1263 3175 1408 3239 Domino

205 3300 350 3364 sperans,
366 3279 504 3364 conjicio
517 3279 605 3364 quod
616 3277 725 3341 Ulixis
733 3276 877 3342 imitator
886 3275 960 3355 eris,
971 3297 1038 3340 non
1047 3275 1270 3360 Empedoclis,
1285 3277 1340 3360 qui
1351 3300 1410 3342 sua

204 3381 411 3466 philosophia
426 3405 468 3448 ne
485 3383 591 3447 dicam
606 3380 820 3445 melancholia
834 3380 940 3444 victus
954 3380 1115 3444 AEthnam
1130 3379 1192 3444 sibi
1207 3379 1409 3444 mausoleum

204 3485 340 3570 elegitfl
349 3495 383 3550 et
392 3486 578 3571 parabolam
590 3506 687 3570 quam
699 3483 792 3548 audis
803 3483 963 3562 advertes,
974 3482 1062 3568 quod
1075 3483 1184 3548 timeo.
1213 3482 1292 3546 Ideo
1302 3492 1408 3548 tacere

206 3611 272 3653 non
287 3609 433 3673 possum.
477 3589 625 3654 Tandem
637 3586 773 3652 validior
787 3596 838 3652 est
852 3597 929 3651 tuus
945 3586 1028 3671 ignis
1040 3585 1094 3650 illa
1105 3607 1170 3672 quo
1185 3584 1246 3650 tibi
1257 3585 1409 3650 convenit

237 3708 254 3741 *
271 3709 382 3767 Seducit,
394 3708 453 3757 MS.
465 3707 575 3771 Burnoy.
771 3715 772 3720 ’
859 3710 869 3766 ΙΙ
891 3704 978 3752 Horat.
992 3703 1046 3752 Lib.
1059 3703 1082 3751 1.
1095 3703 1143 3766 Ep.
1155 3703 1182 3751 ii.
1195 3704 1236 3752 23.

237 3793 257 3846 †
274 3791 388 3849 thir-icco,
402 3789 478 3838 MSS.
492 3789 589 3838 Aruud.
601 3789 650 3838 and
662 3789 741 3837 Bura.
857 3789 875 3846 fl
892 3786 1000 3848 Perhaps
1012 3785 1100 3848 Mapes
1111 3785 1160 3834 had
1170 3786 1197 3834 in
1208 3784 1410 3834 minutionem

240 3871 325 3929 ssMS.
333 3871 428 3920 amna
435 3871 480 3919 has
489 3871 538 3920 thia
546 3877 660 3919 sentence
667 3869 791 3932 abridged,
825 3872 886 3918 Arte
902 3868 973 3917 Poet.
988 3868 1046 3915 465.
1082 3867 1254 3930 Empedocles,
1272 3866 1314 3915 the
1331 3867 1410 3929 philo·

208 3951 299 4000 Forsan
310 3954 407 4015 ignoras
416 3953 474 4015 quia
483 3957 603 4014 organant
614 3951 694 4000 olores
706 3951 791 4000 interi-
825 3950 958 4014 sophanie
975 3949 1027 3998 said
1044 3955 1071 3997 to
1087 3949 1148 3997 hare
1164 3954 1210 4012 put
1226 3963 1258 3996 au
1269 3949 1318 3996 end
1334 3953 1359 3996 to
1371 3949 1410 3998 hia

208 4037 261 4080 tum
273 4037 298 4082 et
308 4049 380 4083 anser
390 4033 496 4083 salutem
507 4033 605 4096 strepit.
825 4032 868 4080 life
878 4032 912 4096 by
922 4031 1044 4094 throwing
1060 4031 1162 4080 himself
1176 4031 1229 4080 into
1237 4030 1281 4080 the
1294 4035 1374 4080 crater
1385 4030 1415 4080 of

241 4117 254 4174 f
271 4114 414 4174 delectatur,
428 4113 505 4164 MSS.
518 4113 614 4163 Arund.
627 4112 675 4162 and
686 4112 765 4162 Burn.
827 4114 924 4163 Mount
935 4113 1021 4163 AEtna.
