3650 4852
229 535 503 601 canum-min]
599 533 646 578 nr
670 531 781 579 nuors
804 531 1029 580 coarsuros.
1222 503 1227 510 ’
1373 517 1415 576 59

211 688 335 752 Noster
348 687 511 770 dominus,
525 687 560 750 id
577 694 638 766 est,
653 707 709 750 rex
727 685 889 752 Henricus
908 684 1081 762 secundus,
1095 682 1147 750 cui
1162 683 1248 748 unde
1267 681 1415 747 revelant

209 789 320 854 omnia
333 789 475 854 cantatis
488 789 610 854 intuitu
625 788 671 854 eis
693 798 744 854 est
764 798 832 854 tam
846 791 978 876 profuse
992 786 1175 867 munificus,
1196 794 1235 851 ut
1248 805 1410 870 nusquam

209 901 325 976 egeant
346 901 465 972 actum,
480 902 514 957 et
536 892 578 956 ad
597 892 659 956 hos
674 890 819 956 ostendit
842 893 974 958 arantis
989 891 1126 978 digitum
1145 898 1181 955 et
1193 913 1212 954 a
1226 897 1316 953 tactu
1342 907 1407 950 non

209 1003 382 1080 temporat.
426 994 542 1080 Nuper
554 994 676 1060 etenim
695 995 908 1079 providerunt
921 1005 959 1060 ut
972 994 1116 1059 habeant
1134 992 1169 1058 in
1184 991 1319 1077 singulis
1334 1011 1410 1075 pro·

208 1095 340 1182 pinquis
360 1095 545 1162 civitatibus
566 1095 710 1181 singulos
735 1095 832 1175 cives,
847 1096 903 1181 qui
925 1096 987 1161 sibi
1000 1105 1110 1161 vestes
1125 1105 1159 1162 et
1172 1094 1322 1162 victualia
1335 1112 1412 1178 pro-

209 1208 324 1265 curent
342 1221 383 1264 ex
397 1199 538 1286 acceptis
557 1197 757 1278 muneribus,
772 1198 917 1284 ipsisque
939 1206 1128 1264 meruerunt
1142 1217 1273 1262 omnem
1287 1217 1306 1258 a
1320 1193 1409 1278 prin·

209 1301 336 1387 cipibus
362 1301 619 1382 immunitatem
641 1300 729 1365 unde
751 1299 791 1364 fit
814 1309 853 1364 ut
877 1300 970 1366 aiunt
994 1300 1146 1386 quatinus
1168 1298 1249 1385 ipsis
1264 1318 1299 1361 se
1314 1294 1410 1360 multi

208 1404 363 1491 praecipui
377 1425 452 1469 cum
468 1403 535 1468 suis
550 1404 688 1469 offerant
701 1413 735 1468 et
749 1402 957 1488 accipiantur,
966 1403 1156 1488 aestimoque
1170 1399 1352 1465 timendum
1366 1418 1409 1462 ne

208 1515 285 1592 post
298 1507 362 1572 hoc
372 1506 430 1571 fist
443 1506 586 1593 aliquid:
606 1507 676 1592 jam
690 1505 779 1571 enim
792 1505 957 1572 intersunt
971 1505 1140 1592 colloquiis
1159 1521 1336 1589 regumque
1351 1519 1408 1563 ne·

206 1609 295 1696 gotis
308 1618 458 1676 tractant.

512 1784 562 1846 De
577 1783 699 1867 origine
715 1782 954 1866 Simplinptam.
999 1780 1099 1847 xxvii.

253 1913 413 2002 Magister
438 1913 637 1981 Gillebertus
661 1913 702 1979 de
728 1914 1015 2002 simplingeham,ii
1036 1915 1092 2003 qui
1118 1916 1224 1982 adhuc
1250 1923 1408 2001 superest,

208 2016 285 2083 licet
309 2039 350 2082 ex
373 2015 463 2082 senio
486 2037 602 2096 caecus,
617 2016 785 2082 centennis
807 2017 895 2082 enim
914 2029 971 2083 aut
994 2039 1033 2083 eo
1048 2019 1186 2104 amplius
1209 2027 1270 2097 est,
1285 2040 1407 2083 novum

208 2118 352 2184 instituit
379 2118 542 2204 religionis
572 2119 708 2198 cultum,
733 2118 790 2204 qui
815 2119 922 2205 primo
948 2119 1067 2185 meruit
1090 2119 1130 2184 ab
1153 2118 1301 2204 Eugenio
1323 2141 1407 2204 papa

209 2221 587 2303 confirmari,canonicos
614 2221 736 2287 scilicet
761 2221 922 2306 regulares
947 2231 980 2286 et
1002 2244 1096 2287 muro
1122 2221 1314 2306 interposito
1338 2245 1407 2286 mo·

208 2325 322 2405 niales,
337 2347 379 2392 ne
393 2325 526 2390 videant
539 2322 593 2388 vel
606 2323 778 2387 videantur
792 2343 897 2388 mares
913 2322 1039 2387 abillis.
1075 2323 1208 2387 Nullam
1222 2321 1344 2386 habent
1357 2323 1407 2386 in-

208 2427 313 2494 vicem
334 2449 511 2507 accessum,
532 2425 596 2491 nisi
617 2423 653 2489 in
674 2423 869 2490 necessitate
894 2424 1046 2490 mittendi
1067 2424 1185 2490 viatici.
1224 2425 1279 2488 Fit
1298 2435 1407 2489 autern

208 2532 271 2596 hoe
296 2552 356 2616 per
377 2531 552 2596 fenestram
575 2526 762 2594 cautissime
790 2535 1014 2613 preparatam,
1039 2526 1151 2591 multis
1180 2526 1407 2612 praesentibus.

209 2634 335 2699 Multas
357 2634 425 2720 jam
452 2633 603 2718 optinent
626 2628 831 2710 mansiones3
854 2639 889 2694 at
911 2629 1062 2716 Angliam
1084 2651 1152 2694 non
1175 2639 1253 2694 sunt
1277 2629 1408 2714 egressi.

210 2736 302 2802 Nihil
325 2736 431 2800 adhuc
456 2734 532 2800 inde
559 2731 730 2798 sinistrum
754 2732 896 2813 auditur,
912 2733 969 2798 sed
984 2733 1081 2798 timor
1096 2739 1199 2812 est;†
1224 2733 1409 2818 frequenter

209 2838 297 2904 enim
310 2838 440 2903 fraudes
455 2836 591 2902 Veneris
613 2859 725 2902 muros
741 2837 902 2904 Minervae
926 2846 1110 2924 penetrant,
1135 2859 1196 2904 nec
1221 2847 1272 2904 est
1297 2859 1407 2903 earum

210 2937 280 3006 sine
294 2962 458 3006 consensu
474 2940 672 3025 congressio.

412 3131 501 3209 Itan,
515 3129 737 3211 recapitulatio
754 3129 1031 3194 cathanensium.
1076 3128 1186 3194 xxviii.

254 3265 391 3346 lterum,
413 3273 464 3329 est
489 3261 570 3329 alius
596 3262 725 3341 modus,
748 3272 787 3327 ut
810 3259 1002 3346 praedictum
1026 3265 1087 3336 est,
1110 3257 1145 3320 in
1172 3256 1407 3321 Grisevoldano

208 3372 366 3448 repertus.
412 3362 489 3428 Uno
513 3363 625 3430 decem
644 3363 825 3449 presbyteri
840 3372 874 3427 et
888 3361 976 3448 prior
991 3369 1209 3437 commanent,
1232 3358 1290 3422 sed
1312 3358 1408 3423 divisi

242 3602 258 3635 θ
274 3601 641 3653 Thisis'ncnriousnoticeot
657 3602 795 3653 Gilbertot
857 3601 946 3660 †'l'he
960 3599 1138 3664 juxtaposition
1157 3600 1186 3647 ot
1201 3600 1244 3648 the
1273 3602 1322 3646 two
1339 3612 1409 3648 sexes

209 3681 408 3746 Sempringlram,
420 3682 463 3730 tha
473 3683 579 3733 founder
595 3686 624 3734 ol
638 3698 687 3733 ona
707 3685 736 3732 ot
750 3685 793 3732 the
825 3699 883 3742 rrae,
895 3684 1044 3740 horrerem
1060 3679 1156 3741 subject
1173 3681 1202 3728 ot
1218 3678 1292 3727 much
1312 3679 1410 3727 scandal

209 3769 277 3814 mort
287 3761 439 3811 remarkable
450 3764 534 3813 orders
546 3766 574 3814 ot
589 3752 714 3814 monkein
725 3765 793 3827 Eng-
828 3762 977 3814 afterwards.
1011 3760 1409 3822 SeemyPoliticalSongs(Cam-

208 3846 275 3896 und.
308 3845 369 3894 This
383 3845 530 3894 foundation
544 3847 605 3896 toolr
622 3847 691 3910 place
709 3847 736 3894 in
752 3845 796 3894 the
828 3845 876 3894 den
889 3843 988 3907 Society
1008 3841 1217 3905 Publlcntion).p.
1232 3843 1288 3898 138,
1301 3841 1348 3888 and
1367 3841 1409 3890 the

208 3927 321 3978 mubled
339 3927 409 3990 reign
425 3927 453 3976 ot
469 3927 588 3991 stephan.
623 3927 721 3977 Gilbert
738 3927 795 3976 died
826 3930 932 3976 acaount
946 3925 975 3972 ot
988 3925 1038 3973 this
1051 3923 1122 3971 order
1132 3923 1158 3972 ia
1169 3924 1212 3975 the
1223 3922 1329 3973 satirica]
1337 3937 1408 3986 poem

208 4011 329 4072 atarery
340 4009 530 4073 advmceaage,
543 4009 569 4058 in
582 4010 654 4061 1189.
826 4008 856 4059 ot
872 4005 985 4070 Nigellus
997 4005 1119 4054 Wirelrer.
