3608 4862
250 533 517 598 consulib-mn
632 533 680 579 D!
703 532 815 579 Nullis
838 533 1065 582 GURIALIUH·

577 775 659 840 Item
673 773 963 857 oliudprodr'pa'um.
1011 774 1099 840 xxix.

279 913 321 977 ln
345 910 429 978 libro
457 912 596 999 'llsrpini
626 912 797 978 Remensis
827 913 1093 999 archiepiscopi*
1123 914 1163 979 de
1193 915 1293 1000 gestis
1324 915 1438 982 Karoli

236 1013 362 1101 Magni,
378 1015 471 1101 cujus
485 1015 556 1100 ipse
572 1015 742 1101 coadjutor
755 1014 943 1080 individuus
965 1037 1069 1101 usque
1089 1017 1130 1081 ad
1156 1025 1296 1083 mortem
1321 1019 1436 1100 fuerat,

236 1119 393 1204 scriptum
408 1119 546 1205 repperi,
572 1119 660 1206 quod
682 1119 775 1184 miles
791 1118 922 1204 quidam
936 1118 1095 1185 exercitus
1112 1120 1226 1186 Karoli
1240 1122 1328 1207 apud
1344 1123 1439 1187 Pam-

235 1223 380 1309 pilonem
406 1222 578 1301 decedens,
602 1219 711 1286 omnia
725 1220 812 1286 bona
827 1244 886 1285 sua
900 1220 1071 1286 karissimo
1087 1223 1149 1288 sibi
1171 1223 1300 1288 cuidam
1323 1224 1438 1290 clerico

235 1325 433 1412 pauperibus
448 1325 618 1410 partienda
632 1323 771 1411 reliquit.
818 1323 963 1389 Clericus
978 1335 1087 1391 autern
1102 1326 1227 1392 certeris
1243 1337 1318 1413 apte
1330 1327 1439 1392 distri-

235 1429 325 1495 butis
335 1451 454 1514 equum
466 1429 579 1493 militis
590 1449 694 1492 unum
710 1429 909 1514 optimorum
918 1429 1020 1494 totius
1032 1429 1192 1496 exercitus
1208 1452 1303 1496 avare
1318 1431 1439 1496 diode-

235 1531 346 1612 tinuit,
360 1532 455 1597 etism
468 1531 565 1597 tertio
579 1532 614 1596 in
630 1531 753 1596 somnis
768 1533 966 1597 ammonitus
982 1532 1022 1598 ab
1036 1533 1111 1619 ipso
1126 1534 1230 1598 milite
1244 1555 1286 1599 ne
1297 1535 1439 1620 legatum

235 1634 432 1722 pauperibus
447 1635 517 1722 ipse
533 1633 596 1700 sibi
608 1643 780 1721 usurparet
793 1635 903 1700 illicite
918 1636 1070 1722 neglexit.
1116 1637 1243 1704 Quarto
1254 1637 1351 1723 igitur
1359 1637 1440 1723 vigi·

235 1739 317 1804 lauti
332 1739 492 1826 apparuit,
508 1747 542 1804 et
556 1739 612 1819 ait,
633 1741 656 1777 “
667 1737 742 1803 Jam
755 1738 921 1825 judicatus
936 1761 983 1820 es,
993 1749 1026 1805 et
1034 1739 1199 1806 induravit
1207 1741 1372 1806 Dominus
1384 1760 1440 1805 cor

234 1851 329 1908 tuum
338 1841 557 1928 nepoeniteas,
570 1851 605 1907 et
616 1843 770 1928 quoniam
781 1843 851 1928 ejus
863 1843 1020 1929 patientia
1032 1843 1145 1908 delusa
1153 1844 1351 1930 monitisque
1362 1867 1441 1929 neg·

235 1945 327 2011 lectis
340 1946 496 2012 honorem
509 1946 582 2011 Deo
594 1945 733 2030 superbe
747 1945 883 2031 negasti,
894 1946 945 2011 die
957 1947 1052 2012 tertis
1060 1948 1229 2032 posthanc
1238 1948 1333 2013 vivus
1345 1971 1364 2012 a
1375 1949 1442 2012 dae·

236 2046 391 2112 monibus
402 2047 536 2134 rapieris
547 2047 581 2112 in
590 2069 664 2113 aera
674 2049 755 2113 hora
766 2048 895 2113 tertia?
933 2048 1008 2114 Hoc
1017 2049 1152 2114 verbum
1161 2058 1200 2114 ut
1212 2050 1335 2116 Karolo
1346 2051 1441 2117 inno-

235 2152 311 2231 tuit,
326 2151 550 2217 circumcinxit
563 2149 618 2216 illa
634 2152 715 2218 hora
738 2151 891 2217 clericum
916 2173 991 2216 cum
1014 2160 1086 2218 toto
1106 2153 1259 2220 exercitu.
1305 2153 1442 2218 Stabant

236 2275 313 2340 ergo
327 2255 433 2320 dorici
449 2254 599 2320 crucibus
613 2263 647 2320 et
660 2255 824 2320 filacteriis
839 2265 873 2320 et
886 2254 987 2321 cereis
1002 2256 1127 2336 nmen,
1142 2256 1214 2320 laici
1228 2256 1343 2342 gladiis
1358 2265 1392 2320 et
1407 2278 1441 2322 se

238 2358 428 2424 decentibus
444 2358 553 2438 armis,
568 2367 713 2424 attamen
729 2360 814 2424 facto
829 2358 971 2425 maximo
992 2359 1118 2425 ululatu
1129 2359 1164 2424 in
1180 2381 1253 2426 aere
1267 2370 1379 2445 raptus
1391 2369 1443 2425 est

236 2484 257 2526 a
270 2463 422 2529 manibus
436 2485 561 2542 eorum,
576 2470 610 2528 et
624 2462 676 2528 die
691 2471 805 2548 quarta
819 2463 924 2528 tribus
938 2462 1016 2529 indo
1038 2462 1134 2529 dietis
1153 2463 1239 2529 inter
1259 2485 1357 2550 rupes
1372 2487 1442 2529 om·

236 2565 334 2631 nibus
349 2567 522 2634 confractis
536 2564 691 2632 membris
705 2569 870 2634 inventus.

573 2755 666 2840 [Item
680 2757 971 2841 oliudproda'pium.
1014 2755 1106 2842 xxa]

281 2893 423 2959 Sedebst
437 2894 526 2959 solus
541 2893 575 2958 in
592 2894 691 2960 domo
707 2915 765 2960 sua
780 2893 874 2959 miles
889 2917 908 2958 a
922 2893 1215 2960 Northanhimbria
1230 2893 1314 2960 circa
1328 2896 1442 2960 horam

238 2999 395 3064 decimam
411 3006 488 3083 post
501 2997 675 3082 prandium
688 2997 723 3062 in
739 3005 862 3075 aestate,
884 3005 919 3062 et
940 3018 1014 3061 ecce
1030 2997 1085 3083 qui
1100 2997 1157 3061 diu
1171 3008 1246 3064 ante
1261 2999 1443 3063 decesserat

236 3112 329 3189 pater
355 3121 444 3181 suus,
469 3099 526 3165 vili
551 3122 765 3188 pannosoque
789 3100 893 3166 cilicio
918 3100 1098 3181 involutus,
1122 3100 1325 3166 adveniebat.
1382 3102 1441 3166 Ille

238 3204 436 3270 daemonium
459 3211 561 3282 ratus,
586 3203 695 3289 ipsum
711 3226 730 3268 a
744 3202 856 3268 limine
870 3203 1001 3290 repulit,
1025 3203 1077 3268 cui
1102 3214 1205 3289 pater,
1228 3208 1250 3242 “
1262 3204 1442 3270 Karissime

236 3307 294 3387 fili,
309 3329 351 3372 ne
366 3307 492 3386 fimens,
507 3305 582 3392 quia
596 3315 690 3392 pater
704 3315 781 3372 tuus
797 3329 881 3387 sum,
906 3317 940 3371 ct
960 3307 1042 3371 nihil
1063 3307 1124 3372 tibi
1140 3307 1308 3372 sinistrum
1323 3309 1442 3388 offero;

238 3411 296 3477 sed
312 3411 513 3477 sacerdotem
527 3409 649 3475 advoco
663 3419 701 3474 ut
714 3411 824 3476 videas
840 3432 970 3476 causum
993 3410 1153 3476 adrentus
1175 3409 1272 3475 mei.''
1316 3410 1441 3476 Vocato

236 3514 335 3600 igitur
359 3525 394 3580 et
418 3514 566 3600 plurimis
592 3514 834 3580 accurrentibus
867 3512 1069 3600 presbytero,
1099 3513 1279 3600 procedens
1304 3513 1375 3602 ipse
1401 3515 1443 3579 ad

237 3618 338 3704 pedes
362 3619 444 3705 ejus,
459 3619 505 3684 ait
525 3618 590 3698 ille,
612 3618 749 3682 “Miser
768 3639 829 3703 ogo
844 3638 930 3697 sum,
953 3637 1050 3702 quem
1072 3625 1110 3680 tu
1133 3615 1258 3680 dudum
1281 3637 1341 3701 pro
1357 3616 1443 3681 deci-

237 3741 363 3785 marum
383 3720 507 3806 injusta
529 3719 711 3784 retentione
726 3719 965 3785 innominatum
980 3717 1015 3783 iu
1029 3717 1125 3783 turbs
1140 3741 1215 3783 curu
1227 3718 1297 3782 aliis
1312 3740 1442 3782 excom-

237 3823 420 3904 municasti,
436 3822 542 3889 sedin
557 3831 686 3888 tuntum
701 3823 782 3888 mihi
795 3843 854 3910 per
867 3821 1003 3908 gratiam
1018 3821 1082 3887 Dei
1097 3843 1285 3887 communes
1300 3821 1443 3889 ecelesia

269 3975 286 4008 ⁸
301 3975 364 4026 'l'aia
372 3981 441 4056 story
452 3975 528 4026 lorum
544 3975 587 4025 the
605 3976 707 4025 maoth
723 3976 825 4040 chapter
856 3976 919 4024 bava
931 3975 1049 4024 occurred
1060 3979 1085 4025 at
1096 3975 1138 4025 the
1149 3975 1199 4040 city
1210 3976 1240 4026 of
1253 3977 1383 4042 Bayonns,
1396 3976 1445 4025 and

238 4056 265 4105 ol
282 4057 325 4106 tlse
343 4057 457 4108 labulous
476 4057 574 4122 history
592 4057 724 4122 published
743 4057 823 4107 ander
855 4057 898 4106 the
920 4057 1009 4120 lrnight
1031 4058 1052 4108 is
1072 4058 1151 4107 called
1169 4058 1315 4110 Romaricus
1326 4058 1364 4124 (iu
1377 4075 1446 4110 roms

238 4137 281 4187 ὼ
298 4153 369 4187 name
386 4137 415 4188 ol
429 4137 535 4202 Turpio,
554 4140 634 4190 where
653 4139 710 4189 itis
729 4139 821 4191 saidto
854 4139 932 4190 MSS.
945 4139 1129 4208 Romaaticus).

284 4237 398 4286 ΟΑΙῙ).
415 4239 490 4287 800.
1297 4245 1319 4290 Ρ
