3608 4862
244 581 414 648 impertit]
624 584 672 628 nn
695 583 807 629 nuere
830 581 1055 630 cunrnnrun.
1399 571 1437 628 91

231 735 347 800 ffratris
361 733 440 801 victi
453 743 489 798 et
503 735 636 800 omnino
651 731 778 822 expulsi
793 735 944 802 misertus
959 736 1021 822 ipsi
1036 731 1177 821 regnum
1188 733 1326 814 Parthis,
1341 735 1441 800 idest

239 840 410 918 lumbis*
421 837 621 920 contiguum,
630 839 709 903 utile
721 839 799 902 satis
811 849 844 903 et
853 840 998 925 amplum
1011 839 1067 903 sed
1078 838 1303 924 longinquum,
1315 837 1438 917 tribuit,

239 951 371 1028 accepta
381 940 559 1026 juramenti
574 942 722 1006 cautione
737 941 927 1028 imperiique
941 952 1099 1027 perpetua
1112 943 1355 1008 renunciatione
1370 950 1438 1005 tarn

231 1045 280 1110 ab
303 1045 376 1130 ipso
391 1066 489 1130 quam
512 1043 553 1108 ab
569 1044 738 1109 Andronio
753 1044 820 1109 filio
845 1067 905 1110 suo
923 1055 958 1110 et
971 1045 1109 1111 haerede.
1155 1045 1241 1110 Satis
1261 1045 1376 1110 fecisse
1392 1044 1438 1108 sic

239 1157 334 1232 putat
349 1145 485 1212 Manuel
507 1149 643 1234 justitioe
659 1149 698 1212 de
713 1149 880 1214 invasione
904 1159 938 1214 et
960 1150 1074 1235 pietati
1098 1150 1138 1214 de
1161 1171 1228 1213 non
1253 1149 1356 1215 evicta
1379 1151 1438 1214 do-

239 1251 381 1316 natione.
419 1251 554 1315 Mortuo
566 1252 777 1336 postmodum
786 1253 955 1318 Andronio
967 1262 1069 1338 patre,
1080 1253 1239 1317 instaurat
1250 1253 1437 1318 Andronius

238 1354 342 1418 haeres
351 1354 508 1438 iteratque
519 1353 665 1419 Manueli
674 1356 868 1421 cnutonem.
914 1355 989 1420 Hiis
1000 1356 1138 1421 fideliter
1146 1355 1325 1422 observatis
1334 1376 1438 1440 usque

238 1457 280 1522 ad
308 1467 455 1541 tempora
480 1455 574 1521 Lucii
602 1479 706 1543 papae,
728 1459 783 1543 qui
805 1459 991 1524 Alexandro
1012 1481 1106 1546 papae
1128 1460 1224 1523 tertio
1248 1457 1436 1536 successit,†

237 1561 322 1625 rexit
336 1560 506 1646 imperium
522 1561 694 1647 praedictus
718 1562 852 1626 Manuel
875 1561 1068 1642 felicissime,
1091 1561 1277 1648 accepitque
1293 1561 1359 1625 filio
1375 1581 1435 1624 suo

239 1663 386 1728 Manueli
419 1663 548 1744 filiamss
581 1664 740 1730 Lodcvici
768 1665 851 1751 regis
884 1665 1039 1745 Francioe,
1079 1666 1281 1749 decessitque
1317 1663 1436 1749 plenus

238 1766 362 1831 dierum
399 1766 537 1832 fideliter
572 1777 606 1832 et
628 1768 771 1847 feliciter,
809 1779 945 1854 excepto
976 1771 1063 1854 quod
1087 1769 1174 1832 filius
1204 1769 1275 1852 ejus
1304 1766 1436 1830 nonnisi

239 1870 404 1956 septennis
428 1869 559 1934 relictus
583 1881 644 1950 est,
668 1880 701 1936 et
724 1873 758 1935 in
774 1895 874 1936 manu
896 1872 1065 1957 cujusdam
1081 1871 1189 1936 Groeci
1204 1871 1260 1956 qui
1275 1891 1316 1934 ex
1330 1856 1436 1934 officio

237 1974 474 2060 protosalvator
497 1974 604 2038 dictus
626 1977 707 2058 est.§
754 1975 828 2039 Hiis
852 1975 971 2040 auditis
994 1973 1193 2053 Andronius,
1216 1974 1300 2038 sicut
1323 1981 1374 2036 est
1389 1971 1437 2036 vir

237 2077 388 2164 pessimae
403 2075 554 2155 audaciae,
581 2078 636 2162 qui
658 2079 727 2162 jam
751 2077 802 2142 bis
828 2077 958 2162 negavit
981 2076 1160 2153 Christum,
1183 2074 1317 2138 adulans
1341 2073 1438 2138 sibia

236 2179 374 2245 'I'urchis
389 2179 545 2243 auxilium
560 2181 658 2244 etiam
673 2202 761 2245 nunc
776 2181 871 2244 tertio
887 2189 924 2243 ut
947 2181 1039 2242 aiunt
1053 2177 1192 2262 negavit,
1208 2187 1242 2240 et
1256 2175 1358 2239 ascita
1375 2173 1437 2239 sibi

238 2305 354 2369 magna
377 2305 476 2346 manu
500 2282 749 2347 Sarracenorum
773 2304 831 2368 per
854 2282 976 2346 vicinas
1001 2279 1167 2345 Manuelis
1191 2277 1314 2341 insulas
1337 2275 1437 2340 finiti·

232 2407 370 2471 masque
385 2385 567 2472 provincias
583 2384 745 2469 querelam
761 2383 887 2464 detulit,
899 2385 1026 2468 fingens
1038 2381 1325 2468 protosalvatorem
1336 2399 1437 2444 uxore

237 2488 361 2553 domini
377 2489 427 2553 sui
442 2488 532 2552 abuti
548 2497 583 2552 et
598 2485 659 2551 sibi
674 2487 880 2551 matrimonio
892 2487 973 2551 velle
989 2488 1195 2570 conjungere,
1210 2482 1386 2567 ambosque
1402 2483 1437 2546 in

236 2613 349 2656 necem
363 2589 455 2676 pueri
471 2588 635 2654 Manuelis
646 2589 832 2672 conjurasse
843 2589 894 2652 vel
906 2589 1014 2674 ipsum
1026 2590 1093 2673 jam
1106 2587 1315 2664 interfecisse,
1326 2595 1364 2649 ut
1376 2584 1436 2650 sub

237 2693 441 2758 simulatione
464 2692 593 2778 pietatis
616 2692 712 2755 simul
734 2691 904 2777 imperent,
927 2714 962 2756 se
977 2715 1052 2756 cum
1073 2691 1199 2755 Latinis
1212 2711 1361 2768 asserens
1377 2710 1437 2773 pu·

236 2797 316 2883 pillo
336 2795 405 2860 fore
424 2802 566 2859 tutorem
588 2793 825 2873 fidelissimum,
848 2792 875 2857 si
889 2794 1055 2859 favoribus
1078 2816 1189 2859 eorum
1212 2801 1246 2857 et
1260 2791 1387 2855 auxiliis
1403 2790 1436 2854 id

235 2899 387 2986 prosequi
406 2897 540 2982 dignum
565 2897 730 2976 ducerent,
745 2897 925 2982 auferrique
949 2897 1111 2962 demedio
1126 2896 1313 2962 scandalum
1329 2903 1363 2960 et
1378 2895 1437 2959 du·

235 3002 423 3088 plicitatem.
468 2999 544 3064 Hiis
568 2999 658 3064 addit
686 2999 855 3084 promissis
881 3023 1016 3066 munera
1036 3000 1218 3078 lacrimans,
1240 3021 1436 3084 omnemque

232 3105 315 3190 justi
337 3103 457 3168 doloris
482 3101 727 3170 similitudinem
751 3102 893 3167 creditur
916 3113 949 3168 et
972 3103 1007 3168 in
1022 3103 1191 3168 custodem
1207 3103 1380 3186 adoptatur
1394 3102 1435 3167 ab

235 3206 387 3272 omnibus
402 3216 437 3271 et
450 3214 592 3270 tutorem
607 3205 731 3290 pupilli.
776 3204 921 3270 Veniens
932 3205 1029 3290 igitur
1039 3207 1074 3270 in
1085 3227 1184 3269 manu
1196 3227 1312 3289 magua
1323 3205 1435 3270 obvias

234 3309 319 3375 acies
334 3331 353 3373 a
366 3309 624 3394 protosalvatore
640 3307 817 3372 destinatas
833 3308 995 3387 contrivit,
1010 3330 1078 3372 non
1093 3307 1208 3372 bellica
1222 3307 1342 3372 virtute
1357 3329 1435 3372 con-

234 3413 347 3490 iectas,
360 3420 395 3475 at
409 3409 450 3474 ab
465 3409 545 3494 ipsis
566 3430 676 3474 earum
699 3409 839 3474 ducibus
859 3410 901 3473 ad
915 3421 1053 3474 mortem
1076 3409 1254 3493 proditorie
1275 3408 1434 3474 venditas.

266 3579 283 3612 *
299 3579 353 3627 The
364 3578 446 3626 rurus
457 3576 577 3641 (Seljuks)
590 3577 639 3625 hed
654 3579 708 3627 first
719 3579 820 3628 become
885 3580 900 3638 t
919 3579 965 3627 See
976 3579 1019 3626 the
1031 3581 1090 3626 note
1102 3593 1135 3626 on
1145 3578 1188 3626 the
1200 3578 1332 3640 preceding
1343 3592 1413 3640 pege.

233 3658 381 3711 formidnble
392 3664 419 3707 to
430 3659 473 3707 the
484 3659 566 3707 Greek
573 3659 750 3721 empireinthe
759 3659 820 3708 Eut
885 3659 977 3714 §This
997 3673 1100 3720 appears
1119 3663 1145 3706 to
1162 3658 1193 3707 bo
1212 3673 1226 3705 e
1245 3659 1388 3720 corruption
1407 3659 1436 3707 of

233 3745 261 3794 in
276 3741 321 3790 the
343 3741 459 3789 eleventh
476 3744 588 3803 century,
605 3739 655 3788 end
672 3739 757 3788 before
776 3740 818 3789 the
851 3739 894 3788 the
912 3739 967 3787 title
982 3739 1167 3787 Proforebaetue
1178 3738 1433 3808 (πρωτοσέβασως),

233 3823 326 3874 middle
351 3823 380 3872 of
400 3822 443 3872 the
459 3822 556 3871 tvdfth
577 3825 682 3884 century
698 3821 757 3884 they
770 3821 819 3870 hed
851 3825 931 3873 which
941 3838 990 3873 ves
1001 3823 1074 3886 given
1085 3829 1111 3872 to
1122 3823 1165 3872 the
1176 3823 1245 3873 chief
1253 3825 1335 3873 officer
1346 3825 1376 3873 of
1390 3825 1434 3876 the

233 3905 374 3970 conqnercd
395 3919 464 3956 eume
484 3904 514 3954 of
538 3904 572 3954 ite
594 3907 660 3952 most
684 3903 820 3967 importent
851 3905 1079 3968 Eneternimperiel
1097 3911 1176 3954 court.
1211 3905 1434 3970 RelphdeDiceto

233 3989 373 4051 provinces.
851 3988 910 4037 calle
924 3987 1189 4048 himpretnrclmefrrr,
1201 3985 1290 4049 Ymeg.
1304 3987 1372 4036 Hiet.
1385 3990 1431 4038 col.

264 4071 284 4124 †
301 4067 391 4120 Lucius
400 4068 452 4120 111.
468 4067 602 4118 succeeded
613 4065 751 4116 Alexander
763 4065 816 4114 111.
849 4069 907 4128 614,
919 4067 999 4117 where
1009 4067 1078 4116 there
1089 4067 1206 4117 isabrief
1214 4069 1356 4119 accountcf
1364 4085 1433 4122 eorne

232 4151 259 4198 in
268 4149 310 4198 the
316 4163 447 4214 pepecyon
455 4150 542 4200 thelst
548 4150 576 4201 cf
581 4149 734 4214 September,
744 4151 816 4197 1181.
849 4149 878 4200 of
887 4151 929 4200 the
939 4155 1023 4199 events
1033 4147 1091 4198 herc
1103 4148 1201 4200 alluded
1211 4154 1247 4202 to.
