3610 4852
397 523 461 580 224
827 535 1012 578 cunarum
1039 533 1159 578 naras
1417 533 1537 594 [bisunu.
1550 534 1582 582 v.

397 727 439 769 ex
453 703 614 790 episeopis
637 705 829 789 adjutorem,
852 714 922 768 tum
939 705 1013 791 quia
1030 703 1192 768 Rohertus
1208 703 1305 765 frater
1320 703 1389 786 ejus
1404 711 1484 766 natu
1500 703 1601 787 rnajor

395 807 601 872 Jerosolimis
633 808 758 894 agebat,
784 817 855 872 tum
888 810 963 894 quia
996 818 1074 871 tunc
1107 807 1212 870 adhuc
1245 805 1395 869 exulabat
1429 806 1601 870 Anselmus

398 931 494 994 quern
517 909 632 975 merito
655 909 824 975 timebant.
869 911 1027 974 Girardus
1057 921 1165 972 autem
1195 907 1443 971 Herelordensis
1465 907 1603 992 ignomi-

397 1013 512 1077 niosus
535 1014 717 1100 episcopus,
732 1024 828 1099 pacto
851 1015 912 1079 sibi
929 1014 990 1078 sub
1002 1015 1187 1098 juramento
1203 1011 1481 1097 archiepiscopatu
1495 1012 1602 1097 priore

397 1125 544 1193 vacante,
567 1116 734 1180 coronavit
748 1119 856 1180 eum*
882 1115 1039 1180 Videntes
1054 1124 1162 1179 autem
1179 1124 1213 1179 et
1228 1114 1365 1178 scientes
1381 1115 1494 1199 populi
1510 1115 1599 1178 Hen-

398 1218 501 1282 ricum
520 1219 646 1303 justum
669 1229 703 1283 et
725 1228 905 1296 strenuum,
928 1226 1113 1281 annuerunt
1127 1238 1201 1281 cum
1223 1215 1424 1300 principibus
1447 1214 1502 1301 qui
1525 1227 1603 1280 tunc

399 1321 543 1400 aderant,
565 1332 599 1387 et
620 1322 887 1402 acclamaverunt,
908 1331 943 1387 et
965 1343 1031 1386 non
1054 1320 1116 1385 fuit
1137 1320 1193 1404 qui
1211 1320 1408 1384 reclamaret.
1453 1320 1604 1385 Decessit

399 1433 508 1488 autem
541 1424 702 1488 Alvredus
733 1423 950 1489 Eboracensis
988 1422 1258 1508 archiepiscopus,
1289 1421 1338 1486 vir
1370 1421 1514 1498 illustria,
1548 1421 1603 1507 qui

399 1526 576 1590 Willielmo
606 1527 674 1612 regi
702 1527 857 1612 praedicto
879 1526 1015 1590 viriliter
1036 1527 1236 1604 adversatus,
1258 1524 1425 1589 ecclesiam
1448 1523 1603 1589 suamab

385 1630 471 1714 ¹ipso
487 1631 553 1694 fere
570 1629 660 1693 solus
683 1629 887 1694 conservavit
912 1630 1070 1714 integram
1097 1638 1131 1692 et
1155 1627 1353 1707 indemnem,
1375 1628 1446 1692 aliis
1468 1627 1508 1692 ab
1531 1629 1603 1713 ipso

399 1732 557 1814 laceratis.
609 1731 732 1795 Aderat
762 1741 869 1796 autem
900 1733 967 1817 regi
991 1731 1135 1796 Henn'co
1159 1730 1328 1810 Girardus,
1349 1741 1445 1815 pacto
1466 1731 1603 1796 instans.

401 1837 472 1900 Rex
487 1844 596 1899 autem
609 1835 783 1900 Simoniaci
799 1835 960 1921 poenitens
975 1836 1138 1914 introitus,
1150 1836 1270 1900 obtulit
1284 1835 1313 1900 ei
1331 1837 1603 1902 Herefordensem

400 1938 622 2024 episcopatum
646 1937 798 2023 ampliare
820 1939 930 2003 fundis
953 1939 991 2003 ad
1024 1939 1281 2024 oequivalentiam
1310 1939 1604 2025 archiepiscopatus

400 2041 546 2126 proedicti
562 2051 595 2105 et
609 2041 791 2106 libertatem
805 2052 959 2107 aeternam
974 2053 1128 2128 quantam
1151 2041 1250 2106 habet
1272 2043 1504 2107 Dunelmensis
1519 2041 1604 2126 epis·

398 2154 547 2229 copatus,
570 2145 604 2208 in
627 2167 691 2229 quo
714 2145 823 2209 nullus
854 2145 1001 2209 minister
1031 2144 1138 2230 regius
1169 2144 1289 2229 aliquid
1312 2165 1404 2229 agere
1426 2144 1478 2210 vel
1500 2155 1604 2210 atten-

395 2257 468 2328 ,tare
483 2257 615 2332 potest3
637 2248 781 2332 episcopi
799 2258 876 2311 sunt
891 2269 1005 2311 omnes
1020 2255 1198 2332 potestates
1213 2257 1248 2310 et
1262 2247 1370 2311 omnia
1377 2248 1459 2331 jura.
1495 2247 1605 2312 Girar-

403 2349 464 2414 dus
479 2361 599 2430 autem,
615 2351 743 2416 diabolo
760 2352 886 2437 plenus,
901 2350 1011 2414 omnia
1036 2349 1244 2433 contempsit,
1259 2359 1293 2414 et
1306 2350 1411 2414 factus
1433 2351 1605 2437 archiepis·

401 2473 504 2536 copus
534 2453 636 2516 multa
658 2453 734 2516 feeit
756 2452 1051 2516 immisericorditer
1080 2462 1115 2516 et
1144 2451 1280 2516 immite.
1325 2452 1474 2519 Quadam
1497 2465 1605 2518 autera

402 2555 455 2618 die
475 2564 553 2640 post
574 2577 698 2621 coenam
721 2556 808 2641 apud
831 2556 968 2620 Suwelle
989 2555 1022 2619 in
1039 2554 1182 2639 pretioso
1197 2563 1308 2639 tapeto
1324 2554 1482 2640 pulvinari
1504 2557 1606 2622 serico

403 2655 562 2720 subnixus
577 2658 663 2721 inter
676 2658 809 2722 clericos
826 2680 902 2723 suos
918 2657 1115 2721 obdormivit
1129 2667 1163 2720 et
1177 2657 1367 2743 expiravit.†
1411 2659 1482 2722 Rex
1498 2669 1605 2724 autem

404 2759 565 2824 Henricus
598 2759 787 2844 proficiebat
807 2760 842 2823 in
868 2781 978 2845 regno,
1010 2770 1043 2823 et
1076 2760 1221 2844 quamvis
1254 2760 1422 2826 habuisset
1454 2762 1607 2826 vitiosum

402 2864 595 2948 ingressum,
617 2884 731 2926 omnes
755 2863 940 2929 decessores
973 2885 1048 2927 suos
1078 2864 1232 2947 regimine
1254 2865 1428 2950 tranquillo
1457 2866 1545 2944 vicit,
1575 2875 1608 2930 et

404 2967 524 3030 divitiis
547 2976 580 3031 et
602 2967 727 3050 magnis
750 2988 809 3052 per
831 2976 937 3030 totum
962 2967 1237 3032 christianismum
1261 2968 1445 3054 impendiis.
1489 2971 1607 3034 Terin

405 3091 491 3133 anno
513 3068 673 3132 vestiebat
695 3070 898 3134 Lodovicum
921 3071 1065 3136 Franciae
1088 3093 1197 3156 regem
1226 3081 1260 3136 et
1288 3073 1397 3156 plures
1427 3073 1607 3159 principum

405 3193 549 3236 suorum.
595 3171 740 3257 Scriptos
763 3173 904 3238 habehat
926 3196 1041 3239 omnes
1064 3175 1200 3240 comites
1216 3185 1250 3240 et
1262 3176 1399 3241 barones
1422 3187 1516 3242 terrae
1531 3199 1608 3256 suae,

405 3274 637 3359 constituitque
661 3275 707 3338 eis
729 3275 764 3338 in
798 3275 940 3340 adventu
963 3277 1015 3340 vel
1037 3298 1128 3340 mora
1153 3279 1250 3342 curiae
1276 3301 1343 3343 sure
1365 3289 1452 3344 certa
1473 3281 1609 3344 exennia

406 3376 523 3462 quihus
546 3396 601 3442 eos
623 3378 814 3457 honorabat,
836 3378 871 3441 in
894 3379 1046 3459 candelis,
1061 3402 1156 3465 pane,
1178 3380 1329 3467 vinoque.
1373 3382 1609 3469 Quemcunque

403 3480 558 3566 juvenem
581 3481 665 3544 infra
686 3491 816 3547 montes
839 3481 975 3566 Alpium
997 3481 1149 3546 audiebat
1171 3493 1355 3568 captantem
1384 3482 1463 3549 boni
1491 3485 1609 3550 famam

439 3708 566 3760 *Gerard
583 3711 729 3776 archbishop
749 3713 778 3761 ol
791 3711 861 3761 Yorlr
876 3729 925 3761 was
945 3728 992 3762 one
1026 3713 1142 3773 Thomas,
1170 3715 1219 3764 and
1237 3719 1282 3764 not
1300 3715 1396 3774 Allred,
1419 3717 1567 3781 archbishop
1584 3717 1612 3766 ol

407 3793 436 3841 ol'
448 3793 490 3841 the
508 3793 685 3856 distinguished
704 3795 808 3858 prelatas
828 3795 857 3844 of
878 3795 916 3842 his
938 3811 992 3858 age,
1026 3795 1226 3854 Yoru,in1100.

369 3899 374 3904 ·
406 3873 994 3940 butheappearstohareprovolredthedislihe
1058 3879 1251 3943 †Archbishcp
1261 3879 1354 3928 Gerard
1365 3879 1421 3928 died
1432 3879 1458 3928 ia
1473 3881 1544 3938 tros,
1556 3880 1610 3929 sud·

407 3957 435 4005 οἱ
449 3957 491 4005 the
501 3957 582 4021 clergy
593 3957 626 4021 by
637 3958 676 4006 his
695 3959 815 4021 liberality
833 3960 881 4008 aud
900 3960 993 4008 atueh.
1027 3957 1157 4023 dcnlyand
1170 3961 1273 4010 without
1291 3961 1428 4010 confession
1449 3963 1497 4011 snd
1515 3963 1610 4011 absolu·

407 4041 477 4086 ment
488 4045 514 4086 to
525 4038 626 4100 prolana
644 4039 777 4099 literature,
789 4042 836 4088 aud
851 4041 908 4104 they
920 4041 994 4104 spes}
1028 4041 1088 4098 tion,
1101 4042 1179 4091 which
1190 4041 1229 4090 his
1240 4041 1321 4106 clergy
1332 4043 1402 4092 made
1420 4059 1451 4092 au
1470 4059 1558 4094 ereum
1574 4045 1612 4092 for

408 4119 476 4167 illos
484 4119 536 4170 him
547 4118 573 4167 in
591 4120 655 4169 their
665 4122 782 4186 writiugs.
811 4123 995 4172 Hesucoeeded
1027 4123 1135 4187 refusing
1146 4124 1197 4172 him
1208 4125 1287 4174 budal
1298 4125 1382 4174 within
1394 4125 1437 4175 the
1446 4125 1548 4176 church.
