3650 4852
276 508 500 577 caraxatura]
643 513 691 558 oa
715 513 826 558 nucis
851 511 1074 557 coarsuros.
1416 497 1459 556 29

259 658 337 726 tifici
352 684 413 727 suo
425 664 591 730 nunciant.
636 664 670 730 Si
683 687 749 729 non
758 665 828 751 ipse
840 664 1038 744 subvenerit,
1059 665 1098 729 ad
1115 663 1297 730 Dominum
1308 664 1460 743 clamant,

259 763 314 846 qui
329 787 395 830 non
411 768 612 833 obliviscitur
626 767 779 832 misereri.
807 767 897 832 Laici
907 769 1081 832 forinsecas
1089 768 1212 832 habent
1224 791 1328 847 curas,
1337 768 1460 832 clericis

260 863 395 932 internis
419 891 492 958 cunr
517 870 623 934 Maria
645 870 714 935 sine
741 869 957 934 sollicitudine
976 870 1075 934 seculi
1099 871 1318 934 sedentibus*
1363 870 1460 935 Unde

260 969 366 1053 gravis
381 979 452 1035 orta
467 971 594 1050 seditio,
610 971 778 1036 dominum
792 973 913 1056 Papam
928 971 1028 1050 adiit;
1052 972 1157 1036 clerici
1172 972 1372 1037 conabantur
1383 971 1462 1036 foris

260 1081 295 1135 et
309 1071 398 1135 intus
413 1073 544 1158 praefici,
557 1073 630 1139 laici
645 1084 766 1139 statuta
782 1074 939 1160 Stephani
953 1083 1038 1138 stare
1053 1073 1216 1155 volebant,
1232 1084 1266 1140 et
1280 1075 1385 1139 adhuc
1400 1073 1462 1138 sub

256 1171 367 1256 judice
382 1174 422 1237 lis
436 1185 497 1254 est,
513 1175 588 1260 quia
602 1177 749 1241 nondum
765 1186 899 1243 verrunt
912 1176 1011 1240 bursa
1021 1177 1214 1262 judicium.†

584 1365 635 1428 Dc
650 1365 771 1447 oripine
791 1363 1015 1446 Templora'um.
1051 1361 1141 1428 xviii.

308 1492 406 1558 Miles
421 1495 563 1579 quidam,
579 1519 695 1582 apago
711 1498 908 1584 Burgundiae
922 1496 1055 1561 nomine
1071 1498 1200 1583 Pagano
1224 1497 1370 1581 Paganus
1394 1497 1464 1583 ipse

264 1595 399 1677 dictus,1
425 1599 516 1663 venit
541 1599 723 1664 Jerusalem
749 1601 950 1687 peregrinus.
997 1601 1062 1664 Hic
1079 1599 1199 1672 ,audito
1223 1598 1312 1683 quod
1338 1599 1379 1662 ad
1403 1600 1465 1664 cis-

263 1705 389 1760 ternam
404 1719 561 1784 equorum
576 1709 666 1766 extra
679 1701 861 1766 Jerusalem
875 1723 943 1767 non
957 1702 1053 1785 longe
1075 1699 1190 1765 fierent
1214 1725 1232 1766 a
1260 1703 1396 1787 Paganis
1422 1703 1465 1766 ir-

262 1795 431 1880 ruptiones
446 1797 480 1862 in
496 1797 699 1864 Christianos
714 1801 912 1885 adaquantes
926 1799 983 1879 ibi,
998 1809 1033 1863 et
1046 1820 1105 1884 per
1119 1821 1230 1863 eorum
1247 1798 1380 1862 insidias
1402 1799 1467 1862 fre-

266 1911 402 1984 quenter
414 1901 563 1981 interfici,
574 1903 726 1968 misertus
738 1925 861 1984 eorum,
873 1904 1005 1988 zeloque
1013 1903 1151 1989 justitias
1162 1911 1320 1988 quantum
1331 1902 1466 1966 facultas

265 2012 334 2066 erat
348 2024 405 2067 eos
420 2003 590 2070 defendere
605 2017 741 2071 conatus
756 2017 816 2086 est,
842 2017 877 2072 et
900 2007 1084 2091 frequenter
1109 2006 1156 2069 eis
1181 2007 1215 2068 in
1242 2003 1422 2069 subsidium
1448 2026 1468 2066 a

266 2103 408 2168 latibulis
434 2115 530 2191 aptus
545 2107 656 2188 exiliit,
671 2109 856 2195 multosque
870 2109 1011 2174 confecit
1025 2131 1065 2172 ex
1088 2107 1251 2173 hostibus.
1296 2106 1379 2172 Quas
1403 2105 1468 2190 ipsi

269 2207 425 2282 dolentes,
442 2227 516 2272 cum
532 2217 583 2274 tot
597 2233 637 2274 ex
653 2211 720 2275 suis
735 2210 949 2292 excubabant,
964 2222 1002 2276 ut
1016 2212 1162 2297 ipsorum
1181 2207 1356 2272 assultibus
1371 2227 1468 2271 nemo

269 2319 381 2394 posset
395 2308 534 2374 obviare.
564 2311 750 2396 Coegerunt
764 2335 839 2398 ergo
855 2315 959 2378 deseri
971 2315 1154 2378 cisternam.
1193 2311 1340 2394 Paganus
1349 2317 1469 2386 autern

269 2435 329 2478 nec
343 2413 478 2497 impiger
493 2433 553 2477 nec
566 2414 652 2479 vinci
667 2415 779 2494 facilis,
794 2415 930 2479 sollicite
942 2415 982 2480 de
993 2413 1139 2480 Domino
1152 2411 1277 2497 sibique
1285 2411 1470 2496 procuravit

269 2516 434 2595 auxilium,
464 2517 598 2580 domum
622 2516 684 2581 sibi
708 2540 857 2603 magnam
884 2516 1106 2603 appropriavit
1130 2516 1215 2580 intra
1239 2524 1331 2600 septa
1355 2514 1470 2598 templi

270 2619 405 2684 Domini
420 2618 536 2703 quibus
550 2619 660 2703 potuit
674 2620 780 2685 modis
796 2643 814 2684 a
829 2621 993 2686 canonicis
1008 2620 1122 2704 templi
1137 2616 1347 2703 regularibus,
1361 2616 1471 2701 ibique

269 2722 326 2788 vili
339 2731 429 2786 veste
444 2722 597 2806 tenuique
612 2724 701 2788 rictu
716 2733 901 2804 contentus,
917 2746 1013 2789 omne
1029 2723 1106 2787 fecit
1119 2723 1154 2785 in
1181 2721 1286 2785 socios
1312 2741 1470 2805 equorum

270 2836 305 2891 et
325 2846 488 2889 armorum
512 2825 648 2890 devotus
673 2827 887 2912 impendium,
913 2848 1124 2912 quoscunque
1148 2833 1260 2909 potest
1284 2823 1471 2907 peregrinos

270 2929 357 2993 viros
371 2926 504 2990 bellicos
519 2929 757 3009 praedicatione,
779 2929 940 3014 precibus,
956 2941 990 2994 et
1008 2926 1205 2995 omnimodis
1230 2925 1347 3002 ascitit,
1369 2935 1407 2989 ut
1430 2924 1472 2988 ad

272 3029 463 3116 obsequium
493 3028 537 3093 ibi
564 3031 709 3095 Domino
739 3033 960 3116 praestandum
996 3039 1154 3117 perpetuo
1190 3028 1292 3092 dediti
1323 3048 1473 3113 perseve-

270 3143 354 3214 rent,
369 3141 426 3197 aut
440 3131 555 3196 saltem
570 3132 611 3196 ad
625 3141 755 3218 tempus
769 3143 920 3198 voveant.
966 3133 1036 3197 Sibi
1052 3132 1182 3216 suisque
1198 3129 1400 3215 coequitibus
1424 3151 1473 3195 se·

306 3319 322 3350 0
339 3319 379 3366 An
391 3318 495 3367 allusion
507 3322 534 3366 to
546 3318 589 3366 tha
599 3317 710 3367 incident
718 3317 747 3366 01
755 3317 856 3368 Martha
889 3320 975 3368 dadon
987 3319 1016 3368 oi
1025 3321 1068 3368 the
1080 3317 1152 3367 order
1165 3317 1194 3366 ci
1209 3317 1252 3367 the
1270 3317 1381 3380 Knigbts
1398 3314 1472 3364 'l'em-

274 3401 322 3450 aud
333 3400 414 3462 Mary,
427 3399 489 3448 Luc.
501 3415 526 3448 x.
536 3401 628 3448 trs-la.
889 3402 956 3465 plara
966 3402 993 3449 in
1006 3404 1078 3458 llis,
1092 3401 1151 3448 cells
1162 3400 1214 3448 him
1227 3399 1302 3460 Ilugo
1314 3400 1344 3447 de
1362 3397 1474 3460 Pagauin

306 3481 384 3539 Ι100
402 3480 445 3528 the
461 3481 526 3544 early
544 3481 654 3544 disputes
681 3481 789 3530 between
814 3480 858 3529 tha
890 3482 939 3532 and
966 3482 1069 3531 another
1096 3481 1231 3543 authority,
1259 3479 1359 3541 printed
1385 3479 1413 3526 10
1431 3477 1474 3525 the

273 3564 364 3630 priests
386 3561 435 3608 aad
452 3561 495 3609 the
515 3562 556 3624 lay
572 3561 652 3610 clerks
671 3562 700 3609 01
724 3563 767 3610 the
786 3560 858 3610 order
891 3564 1060 3620 Maeandron,
1073 3561 1222 3610 aameshim
1242 3559 1318 3621 nugo
1338 3559 1368 3607 de
1386 3559 1474 3607 Paieas

275 3645 304 3694 01
319 3639 482 3696 Grandmont,
497 3654 538 3688 sss
556 3641 617 3688 Pare
634 3639 730 3700 Heliot,
753 3648 782 3690 01
801 3656 856 3704 sup.
891 3645 922 3693 ds
933 3643 957 3691 le
967 3644 1065 3692 Troica.
1098 3643 1152 3692 'l'bc
1168 3640 1385 3703 particularshsre
1402 3639 1475 3701 given

276 3725 317 3774 He
329 3734 385 3784 says
396 3719 450 3767 that
461 3719 519 3783 they
527 3734 589 3768 wera
597 3720 781 3784 tsrminatsdby
790 3722 858 3784 Pope
891 3724 1041 3786 concaming
1053 3723 1130 3784 Hugh
1142 3723 1172 3770 ds
1184 3723 1279 3784 Paysns
1290 3733 1330 3769 ars
1342 3725 1387 3770 not
1397 3721 1476 3770 found

276 3806 400 3856 innocent
412 3800 474 3860 111„
493 3800 542 3850 and
560 3799 683 3849 therefore
703 3801 765 3850 after
786 3803 856 3853 1198.
890 3805 1030 3854 elsewhere.
1063 3803 1428 3866 'l'heaubssqucntreflections
1448 3802 1478 3850 of

276 3887 329 3938 The
344 3885 406 3946 iring
423 3883 452 3932 01
469 3881 584 3946 angunt
603 3882 652 3931 bad
674 3883 810 3933 interfersd
831 3885 859 3932 10
891 3885 988 3936 Walter
999 3885 1089 3948 Mapsa
1105 3899 1138 3934 00
1157 3885 1199 3933 the
1216 3885 1354 3948 Templars,
1375 3885 1423 3934 aad
1441 3899 1475 3934 00

277 3970 327 4018 thia
338 3967 445 4028 disputa.
892 3967 958 4017 their
969 3967 1037 4030 early
1048 3966 1199 4030 degeneracy
1210 3967 1275 4017 from
1286 3968 1352 4018 their
1371 3967 1476 4032 arnnal

309 4051 324 4110 1
341 4048 450 4099 Matbes
462 4047 540 4112 Paris,
551 4047 607 4098 nhc
622 4049 706 4114 placsa
723 4047 766 4100 tha
785 4045 859 4098 foun-
892 4049 986 4116 purity,
998 4063 1039 4100 ars
1049 4049 1212 4102 remarkable.
