3608 4862
393 544 455 602 160
818 558 1007 604 unaarum
1025 558 1146 604 uanus
1410 537 1530 599 [nuans.
1544 537 1590 588 w.

388 736 479 793 tuam
505 727 664 815 pristinae,
680 729 857 794 dummodo
879 729 969 815 jures
999 729 1147 794 utnulla
1168 749 1221 794 me
1250 729 1291 794 de
1321 733 1438 796 caetero
1464 731 1590 817 pictura

388 831 581 897 deformes?
627 832 649 896 J
652 832 757 897 uravit
780 833 969 897 monachus.
1014 833 1198 917 Morpheus
1213 855 1288 897 eum
1304 833 1461 918 appositis
1476 833 1586 900 herbis

388 945 422 1000 et
436 935 590 1000 violentia
609 935 760 1000 carminis
786 936 937 1015 absolvit,
954 959 1052 1022 seque
1067 937 1226 1001 monacho
1242 937 1380 1001 similem
1395 938 1518 1002 factum
1533 961 1586 1003 ca-

388 1037 473 1103 tenis
499 1038 622 1102 eisdem
648 1038 765 1123 alligat.
811 1039 995 1104 Monachus
1019 1041 1117 1125 igitur
1141 1040 1320 1104 instructus
1345 1039 1386 1104 ab
1412 1040 1486 1126 ipso
1510 1041 1589 1127 quid

386 1151 504 1225 ageret,
519 1142 603 1206 lecto
620 1141 716 1206 solito
731 1142 907 1220 decumbit,
929 1152 1009 1222 orat,
1024 1143 1135 1228 gemit,
1155 1143 1264 1222 tussit,
1288 1151 1327 1205 ut
1350 1143 1511 1222 audiatur,
1525 1143 1586 1208 ho-

387 1267 519 1330 ramque
538 1255 652 1310 nactus
678 1244 977 1310 consuetudinalem
1001 1245 1115 1330 surgit,
1138 1246 1266 1330 pulsat3
1305 1253 1525 1310 convocantur
1554 1257 1589 1312 at

387 1351 585 1415 conveniunt
600 1349 760 1414 monachi.
806 1348 866 1413 Ille
878 1348 1074 1413 substitutus
1096 1349 1125 1413 ei
1140 1357 1217 1434 post
1230 1350 1339 1432 lugam
1354 1348 1388 1412 in
1403 1350 1510 1414 officio
1526 1373 1586 1416 suo

387 1452 511 1538 primus
527 1452 666 1519 advertit
683 1453 769 1537 quod
790 1451 921 1516 redierit
935 1475 954 1515 a
977 1451 1124 1516 vinculis.
1167 1449 1330 1515 Abbatem
1345 1450 1408 1516 hoc
1423 1450 1538 1516 edocet
1552 1463 1586 1517 et

387 1557 574 1622 monachos.
639 1555 813 1632 Mirantur,
843 1560 1025 1630 accurrunt,
1051 1561 1203 1638 quaerunt
1228 1552 1300 1637 quis
1330 1573 1405 1616 eum
1443 1553 1585 1620 solverit.

387 1658 448 1723 Ille
463 1658 578 1743 quaerit
601 1678 621 1720 a
644 1655 762 1740 quibus
785 1654 934 1722 vinculis.
978 1655 1154 1740 Dompnus
1176 1654 1276 1720 abbas
1295 1655 1324 1720 ei
1348 1655 1458 1740 lugam
1473 1655 1586 1740 objicit

387 1769 422 1825 et
443 1761 550 1824 vidum
565 1769 707 1844 raptum,
721 1759 907 1843 furtumque
929 1759 1082 1836 thesauri,
1097 1767 1227 1823 catenas
1247 1766 1281 1822 et
1296 1779 1467 1823 carcerem.
1522 1761 1589 1825 Hic

387 1861 497 1927 omnia
515 1859 778 1926 constantissime
793 1871 899 1944 negat.
943 1859 1021 1923 Non
1036 1859 1118 1924 vidit
1143 1859 1286 1939 viduam,
1309 1881 1370 1925 nec
1394 1859 1497 1924 sensit
1515 1861 1586 1925 vin-

387 1964 480 2029 orda:
503 1985 637 2027 manum
667 1963 772 2028 elevat
805 1972 839 2027 et
876 1985 994 2048 magna
1029 1984 1123 2027 cruce
1148 1984 1257 2028 coram
1281 1983 1315 2027 se
1337 1965 1422 2027 facta
1448 1985 1586 2029 vesanos

387 2089 443 2132 eos
459 2065 547 2130 dicit.
588 2065 726 2149 Rapitur
741 2087 815 2150 ergo
830 2065 989 2131 violenter
1003 2064 1044 2128 ad
1058 2085 1227 2143 carcerem,
1242 2065 1408 2129 utiterum
1423 2063 1588 2150 injiciatur

385 2169 533 2236 vinculis.
579 2169 751 2254 Reperitur
779 2169 826 2233 ibi
851 2169 968 2254 ligatus
1000 2167 1187 2244 consimilis,
1209 2168 1307 2232 frater
1331 2189 1435 2247 meus,
1459 2178 1588 2233 contor-

384 2295 486 2358 quens
512 2294 561 2352 0s,
583 2293 710 2350 nasum,
733 2281 766 2336 et
788 2272 911 2350 oculos,
935 2281 969 2336 et
993 2271 1118 2357 fingens
1142 2269 1188 2334 eis
1219 2270 1426 2335 multimodas
1452 2271 1586 2336 iconias.

385 2377 583 2460 Respectant
605 2375 682 2439 hino
705 2375 782 2439 inde
811 2374 972 2453 monachi,
1005 2373 1248 2438 similitudinem
1277 2373 1369 2438 liberi
1397 2383 1531 2460 stupent
1552 2383 1588 2439 et

384 2477 484 2563 ligati,
499 2479 720 2563 miranturque
736 2479 823 2563 quod
845 2488 1019 2562 utrumque
1033 2477 1146 2543 vident
1167 2477 1202 2541 in
1229 2477 1340 2556 altero,
1365 2477 1585 2562 praeterquod

385 2580 563 2645 monachus
577 2581 646 2661 flet,
661 2581 714 2645 ille
737 2581 820 2645 ridet
834 2591 868 2645 et
891 2581 1015 2644 deridet
1037 2601 1114 2660 eos3
1137 2591 1171 2644 et
1193 2589 1229 2644 ut
1252 2581 1431 2644 monachus
1447 2579 1584 2645 discredi

383 2705 450 2747 non
472 2683 588 2768 possit,
615 2681 736 2747 catenis
762 2682 853 2747 exilit
874 2681 1020 2768 abruptis
1034 2681 1070 2746 in
1093 2704 1165 2747 aera
1190 2705 1265 2748 cum
1288 2705 1406 2767 magno
1428 2683 1584 2747 foramine

382 2786 470 2849 tecti.
515 2785 633 2869 Stupet
661 2784 761 2849 abbas
792 2795 826 2848 et
849 2796 1041 2864 conventus,
1077 2785 1278 2870 pedibusque
1303 2785 1411 2850 flentis
1446 2795 1480 2850 et
1511 2785 1584 2849 irati

382 2888 489 2951 fratris
514 2887 658 2952 advoluti
683 2887 811 2952 veniam
835 2889 935 2952 errori
969 2909 1028 2952 suo
1054 2897 1181 2972 petunt,
1207 2887 1376 2952 fantastica
1403 2908 1437 2953 se
1473 2889 1586 2953 dicunt

384 2990 533 3054 illusione
550 2990 713 3074 deceptos.
757 2989 899 3054 Viduam
910 2991 1007 3055 etiam
1024 2991 1119 3055 solari
1136 3001 1296 3076 satagunt,
1312 3001 1346 3056 et
1360 3014 1416 3057 eos
1432 2992 1584 3076 deinceps

383 3092 472 3156 omni
502 3092 685 3177 suspicione
715 3103 840 3157 semota
873 3096 1021 3179 famaque
1049 3093 1174 3158 firmius
1204 3096 1353 3159 restituta
1382 3094 1581 3159 reverentius

382 3196 574 3261 habuerunt.
621 3196 703 3260 Hoec
719 3197 918 3282 Morpheum
932 3198 1046 3262 fecisse
1069 3197 1163 3277 scias,
1180 3207 1213 3263 et
1228 3219 1280 3262 me
1295 3198 1427 3263 fratrem
1442 3199 1513 3283 ejus
1528 3197 1585 3283 qui

382 3299 501 3363 talibus
516 3309 549 3363 et
565 3307 630 3362 tam
653 3299 785 3364 urbanis
808 3301 992 3385 frequenter
1015 3301 1065 3364 usi
1087 3299 1223 3364 lusibus.
1268 3299 1346 3364 Non
1369 3300 1527 3364 trahimus
1541 3299 1583 3363 ad

380 3404 573 3487 gehennam,
602 3425 669 3467 non
694 3402 728 3468 in
753 3403 880 3468 infemo
904 3413 1104 3487 torquemus,
1128 3423 1189 3466 nec
1214 3401 1360 3485 cogimus
1385 3401 1426 3466 ad
1452 3412 1585 3486 peccata

380 3508 576 3592 quempiam,
598 3507 663 3571 nisi
686 3507 822 3573 venialia
849 3515 987 3570 tantum.
1045 3506 1135 3568 Inter
1162 3504 1279 3568 mimos
1302 3505 1436 3571 ludicris
1462 3505 1586 3570 exerci-

381 3619 498 3686 tamur,
513 3619 570 3673 aut
586 3609 669 3674 serio
681 3609 836 3693 jocundo.
882 3607 974 3671 Nihil
989 3606 1030 3670 ad
1045 3627 1106 3670 nos
1122 3606 1163 3670 de
1178 3607 1326 3686 mortuis,
1341 3609 1393 3672 vel
1409 3608 1584 3692 perdendis

379 3711 559 3776 animabus.
605 3711 709 3776 Crede
726 3711 804 3775 mihi
820 3711 926 3773 solum
941 3709 975 3772 in
988 3708 1062 3787 hoc,
1073 3717 1112 3772 ut
1122 3709 1245 3793 junctis
1259 3709 1409 3774 manibus
1421 3711 1487 3774 tuis
1499 3710 1585 3776 inter

379 3837 467 3878 meas
483 3815 563 3879 mihi
586 3815 691 3881 fidelis
714 3815 848 3894 existas,
871 3822 906 3877 et
928 3812 1073 3877 omnium
1097 3811 1302 3876 inimicorum
1325 3822 1457 3878 tuorum
1481 3814 1586 3879 domi·

380 3917 506 3983 nabis.'’

425 4020 499 4084 Hiis
523 4033 556 4086 et
578 4020 766 4108 hujusmodi
792 4021 944 4086 seductus
959 4018 1086 4099 fabulis,
1102 4019 1198 4085 Eudo
1225 4019 1330 4085 libens
1346 4019 1524 4105 adquiescit
1544 4020 1581 4086 in

379 4123 493 4208 pactis,
519 4123 581 4188 sibi
607 4125 715 4210 jurato
748 4125 972 4210 promissoque
998 4123 1133 4188 firmiter
1161 4122 1247 4208 quod
1281 4125 1311 4188 ei
1345 4123 1448 4188 tribus
1480 4124 1581 4210 signis
