3608 4862
265 499 326 583 cip.
338 533 363 566 x.
375 515 423 579 xi]
630 516 676 560 na
694 515 805 562 sucis
820 515 1046 563 cunrsnrurs.
1397 499 1440 575 77

511 671 562 734 De
575 669 824 752 apparitionibus
831 670 1055 753 fantasticis!
1099 669 1144 734 xi.

274 771 373 837 Aliud
397 795 465 838 non
485 771 674 836 miraculum
690 773 748 836 sed
771 782 961 856 portentum
983 773 1078 838 nobis
1099 773 1271 838 Welenses
1287 773 1440 839 referunt.

232 875 421 940 Wastinum
445 874 648 939 Wastiniauc
672 896 766 940 secus
792 884 942 960 stagnum
958 877 1191 956 Brekenieuc,†
1218 878 1306 963 quod
1329 877 1364 941 in
1379 877 1441 942 cir-

235 979 325 1044 cuitu
341 980 407 1045 duo
422 979 558 1044 miliaria
571 986 673 1056 tenet,
688 977 846 1042 mansisse
861 979 953 1042 aiunt
967 987 1001 1044 et
1018 979 1138 1045 vidisse
1154 1001 1211 1066 per
1225 991 1291 1045 tres
1307 981 1406 1045 claras
1421 1001 1441 1044 a

233 1081 311 1146 luna
324 1092 438 1149 noctes
461 1083 594 1148 choreas
608 1081 814 1146 foeminarum
833 1081 867 1145 in
891 1103 1006 1168 campo
1022 1105 1132 1147 eveum
1148 1106 1226 1164 sum,
1244 1093 1278 1148 et
1292 1094 1441 1149 secutum

234 1214 310 1258 eum
331 1217 385 1259 eas
410 1193 512 1258 fuisse
527 1193 631 1258 donec
653 1215 737 1278 aqua
759 1193 866 1278 stagni
889 1191 1184 1278 submergerentur,
1205 1217 1304 1259 unam
1330 1203 1441 1260 temen

235 1307 348 1382 quarta
371 1297 441 1363 vice
456 1297 640 1362 retinuisse.
685 1295 847 1360 Narrabat
868 1295 965 1360 etiam
981 1297 1035 1362 ille
1049 1308 1160 1382 raptor
1174 1299 1260 1362 illius
1284 1300 1440 1385 quod'eas

235 1401 387 1465 noctibus
403 1401 538 1486 singulis
551 1409 629 1487 post
645 1398 902 1463 submersionem
917 1421 1028 1464 earum
1042 1412 1280 1467 murmurantes
1297 1403 1442 1467 audisset

236 1501 298 1568 sub
313 1527 395 1590 aqua
409 1514 443 1569 ct
464 1504 620 1583 dicentes,
635 1503 702 1568 “Si
726 1503 788 1567 hoc
803 1502 945 1581 iecisset,
968 1525 1067 1567 unam
1091 1504 1132 1568 de
1150 1504 1246 1569 nobis
1270 1506 1442 1590 cepisset,''

235 1618 269 1673 et
284 1629 319 1672 se
334 1606 374 1671 ab
389 1607 469 1693 ipsis
485 1610 638 1673 edoctum
652 1607 816 1693 quomodo
839 1606 910 1670 heac
924 1606 1042 1692 adepta
1057 1607 1110 1688 sit,
1126 1630 1199 1693 qum
1222 1618 1256 1674 et
1277 1609 1443 1674 consensit

236 1707 271 1775 et
284 1711 398 1796 nupsit
413 1711 453 1790 ei,
468 1721 502 1776 et
516 1711 620 1796 prims
641 1709 741 1775 verba
755 1732 814 1773 sue
827 1710 897 1773 hmo
913 1710 1075 1775 advirum
1090 1733 1198 1792 suum,
1213 1712 1367 1778 “Libens
1381 1712 1443 1777 tibi

238 1815 386 1894 serviam,
401 1823 435 1879 et
460 1823 529 1878 tota
544 1813 737 1878 obedientiae
764 1812 937 1878 devotione
963 1835 1066 1899 usque
1091 1816 1125 1880 in
1151 1817 1237 1881 diem
1259 1817 1351 1880 illum
1366 1838 1442 1901 pro-

237 1917 323 1984 silire
338 1918 450 1983 volens
466 1917 507 1982 ad
529 1917 685 1983 clamores
710 1915 796 1980 ultra
818 1915 944 1981 Lenem
959 1938 1012 1981 me
1033 1919 1124 1983 freno
1139 1928 1196 1984 tuo
1211 1920 1441 2005 percusseris.''

237 2021 301 2086 Est
315 2032 423 2085 autem
448 2022 573 2086 Lenem
588 2043 670 2107 aqua
685 2019 790 2084 vicine
805 2027 930 2103 stagno.
976 2020 1075 2086 Quod
1090 2024 1258 2087 etinctum
1273 2035 1324 2088 est
1332 2049 1342 2102 ;
1365 2033 1442 2108 post

237 2124 384 2210 plurimae
399 2125 498 2210 proha
515 2123 754 2209 susceptionem
770 2121 811 2186 ab
826 2143 865 2186 eo
880 2123 972 2186 freno
987 2145 1140 2208 percussa
1155 2135 1215 2203 est,
1238 2127 1319 2190 etin
1334 2128 1442 2192 reditu

238 2249 297 2292 suo
320 2227 486 2292 inventam
511 2250 583 2292 cam
605 2227 782 2310 fugientem
816 2246 890 2288 cum
912 2225 1014 2310 prole,
1048 2227 1214 2293 insecutus
1241 2239 1302 2309 est,
1325 2239 1359 2293 et
1384 2230 1440 2296 via

236 2351 339 2394 unum
352 2329 474 2394 exfiliis
487 2331 554 2394 suis
569 2330 713 2415 arripuit,
729 2327 861 2392 nomine
872 2327 1049 2394 Triunnem
1065 2330 1239 2416 Nagelauc.
1285 2332 1350 2397 Hic
1365 2355 1440 2399 cum

238 2445 326 2498 esset
336 2434 562 2519 magnanimus
583 2444 679 2498 arctae
693 2429 912 2516 possessionis
927 2433 1083 2498 terminos
1099 2435 1187 2499 exiit.
1233 2437 1355 2521 Regem
1365 2458 1440 2522 ergo

240 2537 280 2602 de
296 2538 454 2616 Heulard,
468 2541 490 2601 i.
506 2559 530 2600 e.
555 2535 749 2615 Norwallioe,
763 2533 825 2597 sibi
840 2533 1009 2598 dominum
1027 2535 1123 2621 clegit
1132 2561 1141 2616 3
1163 2537 1210 2602 ibi
1225 2538 1281 2603 diu
1297 2549 1441 2604 moratus

235 2641 424 2727 jactantiam
440 2640 563 2706 domini
588 2639 639 2705 sui
662 2661 729 2704 non
752 2637 837 2716 tulit,
854 2637 909 2721 qui
932 2658 1007 2702 cum
1032 2640 1170 2705 sedisset
1183 2640 1218 2704 in
1233 2663 1334 2722 coena,
1348 2643 1443 2707 sami·

237 2745 313 2810 liam
328 2746 464 2809 multam
487 2745 584 2808 nimis
605 2753 638 2809 et
659 2743 779 2808 bonam
802 2739 925 2805 viribus
941 2751 974 2805 et
988 2743 1085 2806 armis
1100 2745 1286 2829 respiciens,
1303 2747 1442 2831 superbe

238 2849 359 2928 intulit,
395 2850 504 2913 “Non
530 2857 581 2912 est
603 2845 769 2933 provincia
797 2844 850 2908 vel
881 2865 1016 2929 regnum
1047 2846 1109 2911 sub
1135 2848 1216 2912 coelo
1245 2850 1333 2915 unde
1362 2851 1443 2914 mihi

238 2951 331 3016 iacilc
370 2974 437 3016 non
472 2952 515 3016 sit
551 2951 693 3038 praedam
731 2949 877 3026 educere,
907 2956 941 3012 et
970 2948 1039 3014 sine
1073 2949 1158 3017 bello
1193 2953 1331 3018 reverti:
1369 2954 1442 3040 quis

241 3055 327 3118 enim
351 3065 443 3120 tanto
470 3055 550 3119 mihi
578 3063 741 3140 tantaeque
763 3050 894 3115 familiae
925 3074 1005 3118 mere
1032 3054 1179 3120 resistere
1207 3057 1336 3142 possit?
1368 3057 1441 3143 quis

241 3179 317 3222 vero
329 3159 449 3245 absque
460 3159 591 3245 negotio
607 3182 625 3222 a
640 3156 720 3222 fecie
735 3164 847 3220 nostre
858 3155 1005 3238 fugisti''
1048 3157 1204 3224 Triunem
1215 3160 1286 3226 haec
1297 3159 1442 3237 audiens,

240 3261 435 3346 probitatem
470 3273 503 3327 et
538 3260 780 3347 improbitatem
811 3278 944 3322 suorum
979 3262 1264 3346 compatriotarum
1290 3285 1442 3349 pensans,

273 3379 288 3413 ²¹¹
305 3381 358 3431 The
369 3382 472 3445 popular
482 3382 584 3444 legenda
599 3379 729 3430 contained
746 3379 774 3426 in
785 3377 828 3425 the
860 3378 965 3427 married
976 3379 1047 3427 wood
1060 3383 1174 3444 nymphe.
1209 3383 1308 3444 Among
1323 3383 1366 3431 the
1377 3387 1444 3431 most

241 3461 369 3523 following
380 3463 495 3524 chapters
507 3478 548 3511 sre
559 3462 693 3524 extremely
709 3461 827 3508 interest·
860 3459 1013 3509 remarkable
1024 3463 1148 3525 examples
1166 3479 1221 3526 may
1237 3465 1268 3512 be
1285 3463 1387 3526 pointed
1398 3465 1443 3510 out

240 3544 294 3604 ing,
311 3548 357 3589 not
372 3541 431 3604 only
449 3543 555 3592 because
573 3543 633 3605 they
650 3558 691 3592 are
714 3541 827 3591 vslusble
861 3540 981 3590 Mattheus
993 3540 1085 3590 Paris’s
1095 3543 1184 3605 legend
1195 3544 1223 3592 oi
1239 3543 1306 3606 King
1318 3543 1382 3602 Ode,
1394 3534 1469 3596 endi

241 3624 389 3671 documenta
406 3623 553 3672 illustrativc
578 3623 606 3672 ol
622 3624 665 3672 the
682 3623 826 3686 mythology
860 3620 1319 3672 themenchrommceorMelusine.

242 3703 272 3754 ol
281 3703 323 3752 the
334 3704 455 3754 Teutonic
467 3706 516 3754 and
534 3705 615 3754 Celtic
628 3704 713 3762 tribes,-
727 3703 771 3751 but
782 3703 826 3751 be·
892 3702 1073 3756 rBreckaock
1092 3705 1119 3752 in
1140 3704 1233 3752 Wsles.
1275 3703 1399 3753 Brecheln
1421 3705 1444 3754 is

242 3801 315 3835 oense
334 3801 401 3835 some
419 3787 448 3834 ci
465 3787 534 3835 them
552 3784 628 3833 relate
645 3790 672 3833 to
688 3799 790 3847 persons
801 3785 830 3833 oi
861 3782 913 3831 said
923 3787 951 3830 to
962 3783 1023 3830 heve
1033 3782 1094 3832 been
1107 3785 1150 3833 the
1159 3785 1214 3834 first
1225 3785 1286 3847 king
1297 3785 1326 3834 oi
1334 3786 1384 3834 this
1402 3803 1442 3837 re.

243 3868 370 3917 historicel
378 3868 504 3932 celebrlty.
529 3866 828 3929 Thethreelirstlegends
860 3863 927 3926 gion.
963 3863 1050 3913 Ihsve
1066 3864 1144 3914 ionnd
1158 3867 1322 3916 acesceret
1339 3868 1388 3918 this
1405 3869 1442 3919 le·

243 3951 374 4012 preserved
390 3950 423 4013 by
439 3951 535 4000 Walter
551 3949 640 4013 Mapes
657 3949 749 4011 belong
770 3953 798 3997 to
814 3964 830 3997 s
861 3947 925 4008 gend
936 3947 963 3996 in
975 3946 1017 3994 the
1034 3947 1128 3998 writers
1140 3963 1173 3998 on
1183 3949 1270 3999 Weleh
1284 3950 1442 4014 antiqnitiesr

245 4030 308 4080 clsss
318 4031 398 4080 which
411 4047 459 4080 was
469 4048 528 4095 very
539 4031 665 4080 extensive
677 4046 767 4093 among
786 4031 829 4079 the
861 4029 882 4078 it
892 4030 914 4078 is
931 4029 1055 4094 cariously
1072 4033 1208 4084 connected
1221 4033 1281 4084 with
1291 4034 1391 4084 ancient
1402 4039 1441 4084 tu·

201 4071 238 4138 l*
246 4111 366 4162 'l'eutonic
378 4114 473 4177 people,
494 4114 549 4163 that
559 4112 588 4162 ol'
602 4114 702 4164 mortale
714 4113 768 4162 who
779 4111 829 4162 had
861 4111 922 4162 muli
933 4113 960 4160 in
972 4111 1014 4160 the
1026 4114 1118 4178 requei.
