3610 4852
408 520 469 582 198
841 531 1029 578 ausuram
1054 531 1174 580 uaeas
1425 533 1546 594 [ousae.
1559 533 1591 582 V.

404 683 608 772 propositum
642 694 694 750 ast
723 684 819 748 ullius
845 705 988 768 unquam
1020 681 1200 748 bonitatem
1236 680 1358 747 invidia
1395 681 1606 768 supprimere.

406 789 498 854 Idem
513 787 653 852 inimicis
668 786 811 852 obsessis
833 796 867 852 et
881 785 1024 872 periculo
1051 785 1145 850 lamis
1173 784 1234 849 sub
1259 785 1386 850 hastam
1408 786 1454 850 ire
1476 785 1607 865 coactis,

404 889 538 973 largitus
564 898 616 952 est
640 887 802 968 victualia,
826 897 865 952 ut
886 887 990 972 ipsius
1011 885 1135 950 viribus
1161 895 1195 950 et
1220 907 1288 952 non
1314 908 1454 951 annonae
1479 887 1607 952 delectu

404 992 619 1070 vincerentur,
646 992 799 1076 auxitque
826 1012 947 1056 nomen
972 990 1115 1056 victoriae
1141 1011 1208 1054 sure
1231 989 1307 1054 licet
1331 989 1468 1054 distulit.
1513 991 1606 1056 Idem

404 1094 531 1160 vicariis
549 1094 616 1158 suis
637 1103 826 1159 mansuetus
852 1103 886 1158 et
908 1093 998 1158 mitis
1024 1103 1150 1158 exteras
1171 1091 1352 1157 debellabat
1365 1103 1489 1178 gentes,
1503 1092 1606 1158 instar

405 1194 565 1280 accipitris
581 1195 636 1280 qui
651 1195 756 1258 nullas
778 1217 922 1279 unquam
942 1195 1166 1258 infestatores
1181 1193 1259 1256 nido
1279 1215 1349 1272 suo,
1367 1195 1531 1278 proximas
1548 1194 1605 1259 sed

405 1319 514 1363 earum
531 1299 641 1362 hostes
656 1298 797 1383 pacificis
818 1307 906 1364 arcet
920 1297 1093 1383 unguibus,
1108 1307 1143 1362 et
1156 1296 1390 1362 remotissimas
1405 1298 1440 1362 in
1461 1298 1605 1384 praedam

406 1401 548 1466 adducit.

581 1609 631 1672 De
645 1611 766 1691 criptae
784 1610 929 1674 Godwiai
943 1610 1076 1688 emeritis,
1091 1615 1124 1672 et
1138 1609 1206 1688 eur
1215 1609 1363 1673 mribus.
1386 1607 1431 1673 iii.

448 1811 546 1876 Anno
556 1813 597 1876 ab
607 1813 826 1878 incarnatione
838 1814 974 1878 Domini
989 1814 1092 1898 mliiij.
1108 1823 1203 1898 capta
1214 1822 1265 1878 est
1277 1813 1460 1880 sarracenis
1471 1813 1604 1878 Jerusa-

404 1916 481 1994 lem,
514 1925 548 1981 et
584 1917 678 1980 annia
712 1918 924 2002 quadraginta
954 1917 1103 2002 quinque'
1133 1917 1275 1996 detenta,
1311 1917 1405 1981 annis
1439 1917 1497 2002 xij.
1529 1927 1604 1982 ante

405 2020 568 2084 redactam
592 2021 626 2084 in
650 2021 842 2085 servitutem
869 2021 1119 2086 sarracenorum
1146 2020 1327 2086 Jerusalem
1350 2019 1549 2086 Normannis
1572 2029 1605 2083 et

406 2123 521 2208 Anglis
536 2124 622 2188 data.

698 2245 772 2293 Auno
784 2244 883 2292 milleno
894 2247 999 2293 centeno
1009 2248 1168 2306 septuageno,

698 2325 823 2387 Septimus
834 2339 849 2372 a
860 2324 923 2374 deno
934 2323 977 2372 dat
987 2323 1123 2372 Jerusalem
1136 2323 1265 2372 Saladeuo.

697 2425 772 2472 huno
783 2423 882 2472 milleno
894 2423 1042 2484 mxagesimo
1053 2437 1152 2484 quoque
1164 2437 1232 2482 reno,

698 2506 836 2566 auglorum
847 2511 919 2554 meter
931 2505 1023 2552 crinem
1034 2519 1131 2552 sensere
1142 2510 1254 2554 comete.

698 2602 771 2650 Anno
784 2602 882 2650 milleno
893 2607 996 2650 centeno
1008 2615 1057 2664 quo
1070 2601 1150 2650 minus
1161 2616 1221 2661 uno,

697 2681 833 2731 Jerusalem
845 2681 933 2730 Franci
944 2682 1045 2746 capiant
1055 2683 1147 2731 virtute
1158 2683 1280 2746 potenti!

448 2813 555 2879 Annis
565 2814 697 2900 triginta
707 2815 812 2880 tribus
824 2826 900 2880 ante
909 2824 1036 2897 captam
1048 2814 1230 2880 Jerusalem
1241 2839 1260 2880 a
1271 2815 1438 2882 Saracenis
1447 2819 1606 2904 captivata

406 2924 457 2979 est
486 2916 621 2993 Anosia‚
646 2925 680 2979 et
704 2937 761 3000 per
785 2918 865 2979 iram
890 2916 1040 2980 altissimi
1067 2917 1142 2980 data
1166 2929 1216 2983 est
1247 2919 1457 2985 Normannis.
1502 2923 1607 2987 Annis

406 3017 532 3082 circiter
554 3016 658 3080 tribus
685 3027 760 3082 anta
783 3019 867 3080 hanc
882 3017 1127 3082 subversionem
1142 3019 1336 3102 Jerusalem,
1352 3043 1424 3108 quoe
1442 3023 1477 3086 in
1506 3026 1606 3090 multa

406 3140 486 3202 pace
510 3130 735 3198 consenuerat,
752 3120 1054 3207 Constantinopolis
1069 3121 1110 3185 ab
1126 3123 1327 3202 Andronio‚†
1347 3126 1440 3209 cujus
1464 3129 1607 3212 nequitia

407 3219 550 3284 Neronis
565 3220 671 3304 impar
694 3243 760 3284 non
776 3221 839 3285 fuit
854 3221 881 3284 si
896 3245 963 3286 non
977 3224 1088 3308 major,
1104 3224 1215 3288 multis
1231 3237 1264 3290 et
1279 3227 1458 3294 innumeris
1473 3229 1607 3294 obtenta

406 3333 459 3386 est
482 3333 515 3387 et
541 3322 651 3386 habita
675 3324 768 3388 dolis.
814 3326 868 3390 Sic
897 3325 1162 3392 subversionibus
1192 3328 1375 3395 Jerusalem
1395 3333 1607 3416 prophetissa

406 3425 538 3490 fuerunt
564 3437 598 3490 et
626 3428 822 3511 praenunciae
849 3429 921 3494 dure
950 3429 1124 3514 praedictae.
1170 3431 1234 3495 Sed
1259 3442 1297 3496 ut
1327 3454 1437 3497 earum
1467 3436 1607 3499 rationes

405 3527 622 3614 inposterum
647 3553 714 3595 non
737 3531 899 3610 deficiant,
915 3532 1066 3596 notandae
1085 3544 1164 3598 sunt
1185 3544 1219 3598 et
1241 3535 1337 3618 paulo
1353 3535 1607 3621 digrediendum.

439 3731 454 3762 θ
471 3731 602 3780 Memorial
623 3747 704 3780 verses
726 3732 755 3780 of
775 3733 824 3780 thir
846 3731 906 3780 liud
928 3747 991 3782 erere
1023 3735 1098 3784 oeded
1118 3736 1158 3784 the
1181 3735 1352 3799 conquestos
1376 3739 1490 3800 England
1512 3739 1546 3803 by
1569 3739 1606 3787 the

407 3813 480 3860 much
492 3812 517 3860 ia
530 3828 573 3861 uae
585 3813 611 3860 in
630 3813 672 3860 the
691 3811 787 3861 Middle
799 3813 874 3872 Apes,
890 3815 938 3862 aod
951 3830 991 3863 are
1024 3816 1156 3872 Narmans,
1169 3819 1189 3867 is
1201 3834 1216 3866 a
1227 3819 1281 3867 well
1291 3821 1381 3868 loono
1393 3836 1451 3869 one.

405 3891 482 3942 found
490 3893 611 3942 soattered
619 3895 644 3942 iu
655 3901 724 3957 great
733 3893 876 3942 abundaoce
884 3893 991 3958 through
1056 3901 1075 3955 †
1086 3900 1241 3949 Andronicus
1250 3901 1271 3949 1.
1279 3903 1401 3965 grandson
1410 3903 1605 3952 ofAlexisCom·

406 3975 449 4022 the
476 3976 648 4038 manuscripts.
681 3977 734 4026 'Ihe
754 3976 846 4026 record
870 3977 899 4026 of
923 3979 992 4026 these
1024 3979 1288 4045 conuulsa-1185).
1318 3981 1604 4033 Heumathstmms·

408 4055 519 4117 conpleta
536 4056 641 4118 relatiua
659 4063 684 4106 to
701 4057 743 4107 the
754 4065 836 4107 comet
846 4059 926 4108 which
936 4075 990 4123 pre·
1023 4063 1079 4112 cred
1091 4063 1123 4126 by
1135 4064 1176 4114 the
1186 4065 1305 4130 populace
1316 4065 1345 4114 of
1355 4065 1563 4130 Comiandoopb.
