3610 4852
208 515 336 579 eausa]
574 513 621 556 na
647 513 757 558 noers
781 513 1006 558 ouaranruu.
1336 499 1395 558 188

192 667 320 751 ipsum3
342 663 431 753 quod
452 686 536 730 uxor
561 664 657 730 Alani
678 665 861 745 advertens,
882 675 1043 730 nocturno
1071 663 1181 750 ipsum
1207 664 1398 730 conficiebat

193 768 318 833 tediosa
333 789 465 833 susurro
481 767 573 854 quasi
588 768 733 832 desidem
756 780 790 834 et
812 768 974 847 timidum,
998 768 1054 855 qui
1078 789 1272 855 quocunque
1298 769 1398 834 modo

193 892 260 935 non
283 869 445 954 adegisset
469 869 522 934 vel
551 869 651 933 vitam
681 870 752 954 ejus
778 870 829 934 vel
858 870 956 955 plena
980 871 1121 936 servitia.
1175 871 1239 936 Cui
1264 872 1398 936 tandem

195 973 329 1051 Alanus,
345 971 486 1036 “Facile
502 971 579 1035 satis
594 981 647 1036 est
660 972 768 1058 ipsum
791 972 832 1037 de
851 973 959 1038 medio
981 973 1098 1054 delere,
1122 974 1179 1039 sed
1201 974 1284 1038 duos
1300 974 1399 1040 habet

194 1073 290 1153 filios,
319 1075 495 1160 Wiganum
533 1085 567 1139 et
599 1074 815 1154 Clodoanum,
851 1077 932 1140 facie
970 1077 1103 1156 similes,
1125 1076 1272 1141 moribus
1302 1078 1397 1164 longe

194 1178 354 1263 impares3
378 1177 566 1243 Clodoanus
578 1178 664 1242 enim
680 1177 764 1243 bene
778 1178 925 1242 literatus
940 1189 992 1243 est
1006 1188 1040 1243 et
1055 1179 1208 1264 prudens,
1231 1181 1288 1246 sed
1303 1182 1400 1266 dege·

195 1281 320 1347 neravit
335 1281 369 1345 in
385 1281 533 1358 mimum,
555 1292 594 1346 ut
608 1290 697 1345 totus
717 1281 751 1344 in
766 1281 905 1368 rythmis
920 1291 954 1346 et
969 1281 1111 1347 ridiculis
1127 1293 1303 1368 occupetur
1316 1294 1349 1348 et
1364 1284 1399 1349 in

195 1383 235 1448 iis
259 1383 344 1446 ultra
366 1382 500 1447 solitum
514 1383 640 1466 vigeam
671 1383 831 1467 Wiganus
857 1391 967 1448 autem
993 1405 1147 1468 procerus
1162 1395 1224 1463 est,
1247 1395 1281 1448 et
1301 1408 1398 1472 super

197 1507 310 1551 omnes
333 1507 415 1571 quos
431 1507 490 1570 ego
506 1485 642 1549 viderim
665 1485 814 1550 homines
841 1486 1003 1550 formosus
1019 1498 1052 1550 et
1067 1487 1208 1572 sapiens,
1231 1486 1398 1553 scientiam

196 1591 294 1655 etiam
308 1611 471 1654 armorum
499 1599 532 1652 et
558 1587 754 1674 probitatem
780 1587 904 1654 habens
930 1599 997 1653 tam
1024 1589 1216 1674 elegantem,
1241 1602 1279 1655 ut
1296 1590 1397 1676 magis

195 1693 321 1758 Achille
336 1692 440 1776 major
453 1691 506 1756 vel
533 1692 673 1755 Hectore
694 1691 859 1775 judicetur
883 1713 981 1775 quam
1003 1713 1062 1777 par
1085 1692 1241 1758 alterutri.
1287 1693 1398 1779 Hujus

196 1807 304 1862 autem
317 1796 475 1881 sapientia
484 1817 650 1880 nunquam
667 1794 764 1858 simul
779 1804 901 1858 exeunt
916 1805 1034 1860 terram
1056 1818 1148 1860 suam
1163 1805 1303 1881 pateret
1317 1798 1398 1883 ipse,

196 1923 237 1965 ne
260 1899 357 1964 simul
378 1899 507 1984 possint
521 1897 702 1982 intercipi.''
757 1899 842 1961 Tum
868 1897 934 1976 illa,
957 1899 1267 1984 “Quandoquidem
1293 1901 1339 1965 ita
1363 1923 1399 1966 se

196 2002 295 2067 habet
309 2011 415 2066 status
444 2023 568 2078 eorum,
594 2022 635 2064 ne
659 1999 755 2063 nobis
780 2001 924 2064 extincto
942 2010 1033 2085 patre
1050 2001 1159 2065 durior
1176 2003 1219 2066 sit
1233 2003 1398 2069 infestatio

196 2105 266 2184 filii,
281 2104 470 2168 studeamus
486 2104 594 2187 ipsum
617 2101 742 2166 auferre
768 2102 809 2166 de
835 2101 956 2180 medic,
978 2103 1006 2165 si
1032 2123 1098 2165 non
1122 2113 1313 2188 utrumque3
1349 2106 1399 2170 fec

196 2217 288 2292 pater
302 2205 444 2271 veniat.''
490 2205 550 2269 llle
579 2204 704 2282 annuit,
731 2214 765 2269 et
790 2225 864 2270 ecce
896 2205 1095 2284 Remelinus,
1123 2227 1219 2291 quem
1245 2205 1317 2291 ipsa
1330 2208 1399 2271 veri

197 2308 377 2374 simulatrix
392 2307 511 2372 amoris
527 2307 611 2371 veris
626 2317 721 2371 omat
735 2317 769 2372 et
790 2329 904 2371 omnes
926 2329 1003 2372 suos
1018 2307 1198 2373 honoribus
1214 2309 1284 2374 sine
1300 2309 1400 2373 simu·

196 2414 317 2478 latione
333 2410 495 2476 munifica.
535 2411 658 2474 Onusti
683 2411 862 2495 repatriant
889 2411 983 2475 donis
1006 2411 1112 2475 aureis
1135 2421 1169 2475 et
1183 2413 1342 2496 argenteis
1365 2422 1400 2478 et

196 2517 339 2581 vestium
354 2513 548 2592 mutatoriis,
564 2535 645 2598 quos
660 2523 699 2578 ut
713 2515 826 2578 vident
848 2514 1037 2599 perspicuos
1053 2523 1088 2578 et
1102 2514 1270 2579 redimitos
1294 2517 1399 2580 consi·

196 2619 278 2683 liarii
286 2617 428 2702 Wigani,
437 2616 585 2681 conversi
595 2627 672 2680 sunt
681 2616 715 2678 in
725 2615 900 2694 sinistram,
909 2625 943 2680 et
952 2637 987 2679 se
997 2615 1114 2679 similia
1123 2616 1302 2700 perdidisse
1311 2621 1400 2702 quod

196 2744 264 2786 non
279 2720 430 2785 affuerint
444 2727 634 2805 queruntur.
679 2717 772 2784 Quos
797 2717 876 2780 dum
902 2716 1034 2780 avaritia
1050 2725 1242 2802 contorquet
1257 2729 1290 2784 et
1305 2720 1400 2787 deco·

197 2825 279 2911 quit,
298 2844 373 2889 ecce
395 2822 534 2887 nuncius
549 2821 655 2901 Alani,
678 2821 728 2884 vir
754 2841 890 2904 magnus
920 2829 954 2884 et
982 2821 1023 2884 ad
1050 2821 1197 2885 fraudem
1218 2823 1399 2890 instructus

197 2926 333 3012 egregie,
344 2947 419 2990 cum
434 2924 524 2989 omni
539 2923 622 3009 petit
630 2921 785 2987 instantia
797 2922 949 3006 quatinus
965 2922 1006 2984 ad
1014 2922 1156 2986 Alanum
1167 2924 1300 2989 veniant
1308 2937 1401 3011 pater

197 3042 232 3095 et
252 3029 349 3107 filius,
373 3038 407 3092 et
433 3029 462 3091 si
487 3049 554 3092 non
580 3036 727 3112 uterque,
749 3025 835 3090 filius
850 3026 905 3111 qui
920 3048 988 3090 non
1004 3027 1139 3090 affuerat
1154 3029 1283 3112 quando
1299 3040 1402 3114 pater.

201 3133 309 3198 Primo
326 3130 479 3195 dubitant
493 3141 526 3195 et
542 3129 764 3207 consiliantur,
791 3139 824 3193 et
850 3127 890 3192 ab
917 3129 1087 3215 utriusque
1112 3130 1256 3216 loquitur
1269 3135 1403 3200 avaritia

199 3234 345 3300 consilio.
402 3233 451 3298 Ut
475 3233 574 3297 simul
596 3231 730 3297 domino
754 3253 813 3296 suo
836 3231 976 3296 fideliter
995 3234 1099 3296 assint
1114 3255 1280 3318 nunquam
1306 3237 1403 3301 haesi·

199 3338 335 3402 tandum
351 3337 452 3415 aiunt,
474 3335 531 3399 ubi
558 3336 653 3421 plane
669 3335 877 3399 manifestum
892 3335 1006 3401 vident
1020 3356 1163 3400 amorem
1189 3337 1222 3401 in
1250 3338 1401 3404 omnibus

200 3440 392 3520 exhibitum,
421 3449 455 3505 et
487 3439 610 3503 nullam
638 3437 771 3502 subesse
803 3439 868 3503 doli
898 3439 1091 3504 machinam.
1138 3439 1261 3505 Horret
1290 3450 1401 3508 tamen

199 3546 359 3631 Wiganus
385 3553 419 3608 et
444 3543 557 3621 haeret,
581 3541 732 3626 domique
747 3541 879 3620 residet,
905 3551 1018 3606 contra
1037 3563 1170 3606 suorum
1195 3544 1401 3621 sententiam,

200 3672 272 3714 cum
289 3671 401 3713 eorum
417 3670 484 3712 non
500 3646 628 3711 modico
644 3666 821 3722 murmure.
865 3644 976 3709 Cassae
991 3645 1174 3709 timiditatis
1191 3646 1335 3731 arguitur
1358 3648 1400 3712 ab

199 3751 246 3816 eis
269 3751 352 3816 clam
376 3761 410 3816 et
433 3749 647 3825 mentiuntur,
673 3745 748 3832 quia
772 3754 885 3811 contra
910 3767 1020 3810 veram
1046 3747 1208 3810 mensium
1232 3748 1400 3815 scientiam

200 3850 383 3937 objurgant,
399 3851 497 3916 vilem
513 3861 547 3914 et
561 3850 708 3935 ignarum
724 3847 883 3925 derident,
899 3869 995 3932 quem
1012 3847 1108 3933 digne
1123 3848 1256 3912 charum
1272 3862 1305 3913 et
1324 3851 1402 3917 irre-

199 3953 452 4040 prehensibilem
468 3953 585 4017 sciunt.
630 3953 677 4016 At
696 3951 731 4014 in
754 3950 860 4016 reditu
876 3949 1048 4028 Remelini,
1064 3973 1138 4014 cum
1160 3973 1225 4036 quo
1240 3967 1346 4018 vestes
1369 3965 1403 4020 et

199 4079 328 4138 aurum,
348 4057 424 4143 equi
445 4065 479 4120 et
500 4055 652 4141 phalerae,
681 4053 779 4118 Alani
807 4053 968 4139 praeconia
982 4053 1093 4118 laudes
1111 4055 1229 4137 reginoe
1256 4056 1402 4137 veniunt,
