<?xml version="1.0" encoding="UTF-8"?>
<!DOCTYPE html PUBLIC "-//W3C//DTD XHTML 1.0 Transitional//EN"
    "http://www.w3.org/TR/xhtml1/DTD/xhtml1-transitional.dtd">
<html xmlns="http://www.w3.org/1999/xhtml" xml:lang="en" lang="en">
 <head>
  <title>
</title>
<meta http-equiv="Content-Type" content="text/html;charset=utf-8" />
  <meta name='ocr-system' content='tesseract 3.04.00' />
  <meta name='ocr-capabilities' content='ocr_page ocr_carea ocr_par ocr_line ocrx_word'/>
</head>
<body>
  <div class='ocr_page' id='page_1' title='image "./gualterimapesde00mapgoog/gualterimapesde00mapgoog_0244.png"; bbox 0 0 3610 4852; ppageno 0'>
   <div class='ocr_carea' id='block_1_1' title="bbox 246 535 1430 612">
    <p class='ocr_par' dir='ltr' id='par_1_1' title="bbox 246 535 1430 612">
     <span class='ocr_line' id='line_1_1' title="bbox 246 535 1430 612; baseline -0.003 -17"><span class='ocrx_word' id='word_1_1' title='bbox 246 547 367 612; x_wconf 62' lang='lat' dir='ltr'><strong>capvt]</strong></span> <span class='ocrx_word' id='word_1_2' title='bbox 619 549 665 590; x_wconf 83' lang='lat' dir='ltr'><strong>na</strong></span> <span class='ocrx_word' id='word_1_3' title='bbox 691 549 800 593; x_wconf 74' lang='lat' dir='ltr'><strong>soors</strong></span> <span class='ocrx_word' id='word_1_4' title='bbox 826 549 1049 592; x_wconf 71' lang='lat' dir='ltr'><strong>cuasarum.</strong></span> <span class='ocrx_word' id='word_1_5' title='bbox 1368 535 1430 592; x_wconf 74' lang='lat'><strong>223</strong></span> 
     </span>
    </p>
   </div>
   <div class='ocr_carea' id='block_1_2' title="bbox 211 714 1442 4212">
    <p class='ocr_par' dir='ltr' id='par_1_2' title="bbox 211 714 1442 4212">
     <span class='ocr_line' id='line_1_2' title="bbox 228 714 1428 801; baseline 0 -20"><span class='ocrx_word' id='word_1_6' title='bbox 228 718 418 783; x_wconf 84' lang='lat' dir='ltr'><strong>innocentes</strong></span> <span class='ocrx_word' id='word_1_7' title='bbox 455 737 537 801; x_wconf 90' lang='lat' dir='ltr'><strong>quos</strong></span> <span class='ocrx_word' id='word_1_8' title='bbox 573 714 634 780; x_wconf 92' lang='lat' dir='ltr'><strong>tibi</strong></span> <span class='ocrx_word' id='word_1_9' title='bbox 669 716 833 781; x_wconf 85' lang='lat' dir='ltr'>Dominus</span> <span class='ocrx_word' id='word_1_10' title='bbox 856 717 945 781; x_wconf 85' lang='lat' dir='ltr'>dedit</span> <span class='ocrx_word' id='word_1_11' title='bbox 984 715 1225 793; x_wconf 87' lang='lat' dir='ltr'><strong>custodiendos,</strong></span> <span class='ocrx_word' id='word_1_12' title='bbox 1261 715 1317 800; x_wconf 92' lang='lat' dir='ltr'><strong>qui</strong></span> <span class='ocrx_word' id='word_1_13' title='bbox 1354 737 1428 781; x_wconf 91' lang='lat' dir='ltr'><strong>oum</strong></span> 
     </span>
     <span class='ocr_line' id='line_1_3' title="bbox 228 819 1429 904; baseline -0.002 -18"><span class='ocrx_word' id='word_1_14' title='bbox 228 823 273 886; x_wconf 89' lang='lat' dir='ltr'><strong>sis</strong></span> <span class='ocrx_word' id='word_1_15' title='bbox 296 846 316 886; x_wconf 90' lang='lat' dir='ltr'><strong>a</strong></span> <span class='ocrx_word' id='word_1_16' title='bbox 341 823 414 886; x_wconf 90' lang='lat' dir='ltr'><strong>Deo</strong></span> <span class='ocrx_word' id='word_1_17' title='bbox 436 820 583 885; x_wconf 84' lang='lat' dir='ltr'><strong>minister</strong></span> <span class='ocrx_word' id='word_1_18' title='bbox 608 819 816 898; x_wconf 89' lang='lat' dir='ltr'><strong>constitutus,</strong></span> <span class='ocrx_word' id='word_1_19' title='bbox 843 829 881 882; x_wconf 90' lang='lat' dir='ltr'><strong>ut</strong></span> <span class='ocrx_word' id='word_1_20' title='bbox 905 821 951 884; x_wconf 89' lang='lat' dir='ltr'><strong>eis</strong></span> <span class='ocrx_word' id='word_1_21' title='bbox 974 841 1033 904; x_wconf 91' lang='lat' dir='ltr'><strong>per</strong></span> <span class='ocrx_word' id='word_1_22' title='bbox 1058 829 1090 882; x_wconf 89' lang='lat' dir='ltr'><strong>te</strong></span> <span class='ocrx_word' id='word_1_23' title='bbox 1113 819 1170 882; x_wconf 85' lang='lat' dir='ltr'><strong>fiat</strong></span> <span class='ocrx_word' id='word_1_24' title='bbox 1196 841 1258 904; x_wconf 89' lang='lat' dir='ltr'><strong>pax</strong></span> <span class='ocrx_word' id='word_1_25' title='bbox 1285 829 1319 884; x_wconf 89' lang='lat' dir='ltr'><strong>et</strong></span> <span class='ocrx_word' id='word_1_26' title='bbox 1342 829 1429 883; x_wconf 89' lang='lat' dir='ltr'><strong>tran·</strong></span> 
     </span>
     <span class='ocr_line' id='line_1_4' title="bbox 228 922 1429 1010; baseline -0.001 -21"><span class='ocrx_word' id='word_1_27' title='bbox 228 926 369 1010; x_wconf 91' lang='lat' dir='ltr'><strong>quillitas</strong></span> <span class='ocrx_word' id='word_1_28' title='bbox 385 925 426 988; x_wconf 89' lang='lat' dir='ltr'><strong>ad</strong></span> <span class='ocrx_word' id='word_1_29' title='bbox 448 924 575 987; x_wconf 85' lang='lat' dir='ltr'><strong>laudem</strong></span> <span class='ocrx_word' id='word_1_30' title='bbox 603 932 636 986; x_wconf 92' lang='lat' dir='ltr'><strong>et</strong></span> <span class='ocrx_word' id='word_1_31' title='bbox 661 923 817 986; x_wconf 85' lang='lat' dir='ltr'>honorem</span> <span class='ocrx_word' id='word_1_32' title='bbox 843 922 958 1008; x_wconf 90' lang='lat' dir='ltr'><strong>ipsius,</strong></span> <span class='ocrx_word' id='word_1_33' title='bbox 973 935 1007 988; x_wconf 92' lang='lat' dir='ltr'><strong>et</strong></span> <span class='ocrx_word' id='word_1_34' title='bbox 1032 932 1070 986; x_wconf 90' lang='lat' dir='ltr'><strong>tu</strong></span> <span class='ocrx_word' id='word_1_35' title='bbox 1092 945 1151 1007; x_wconf 88' lang='lat' dir='ltr'><strong>pro</strong></span> <span class='ocrx_word' id='word_1_36' title='bbox 1174 933 1252 986; x_wconf 86' lang='lat' dir='ltr'><strong>voto</strong></span> <span class='ocrx_word' id='word_1_37' title='bbox 1276 923 1429 1008; x_wconf 89' lang='lat' dir='ltr'><strong>pessim0,</strong></span> 
     </span>
     <span class='ocr_line' id='line_1_5' title="bbox 229 1025 1429 1110; baseline -0.002 -18"><span class='ocrx_word' id='word_1_38' title='bbox 229 1050 302 1092; x_wconf 87' lang='lat' dir='ltr'><strong>cum</strong></span> <span class='ocrx_word' id='word_1_39' title='bbox 338 1051 403 1092; x_wconf 92' lang='lat' dir='ltr'><strong>non</strong></span> <span class='ocrx_word' id='word_1_40' title='bbox 440 1027 484 1090; x_wconf 88' lang='lat' dir='ltr'><strong>sis</strong></span> <span class='ocrx_word' id='word_1_41' title='bbox 511 1047 622 1090; x_wconf 86' lang='lat' dir='ltr'><strong>eorum</strong></span> <span class='ocrx_word' id='word_1_42' title='bbox 657 1025 809 1088; x_wconf 90' lang='lat' dir='ltr'><strong>dominus</strong></span> <span class='ocrx_word' id='word_1_43' title='bbox 837 1026 892 1090; x_wconf 89' lang='lat' dir='ltr'><strong>sed</strong></span> <span class='ocrx_word' id='word_1_44' title='bbox 924 1047 1047 1104; x_wconf 86' lang='lat' dir='ltr'><strong>servus,</strong></span> <span class='ocrx_word' id='word_1_45' title='bbox 1078 1035 1231 1110; x_wconf 82' lang='lat' dir='ltr'><strong>tanquam</strong></span> <span class='ocrx_word' id='word_1_46' title='bbox 1261 1027 1429 1110; x_wconf 91' lang='lat' dir='ltr'><strong>appositos</strong></span> 
     </span>
     <span class='ocr_line' id='line_1_6' title="bbox 229 1128 1429 1215; baseline -0.002 -19"><span class='ocrx_word' id='word_1_47' title='bbox 229 1133 288 1196; x_wconf 88' lang='lat' dir='ltr'><strong>tibi</strong></span> <span class='ocrx_word' id='word_1_48' title='bbox 325 1134 449 1196; x_wconf 86' lang='lat' dir='ltr'><strong>fructus</strong></span> <span class='ocrx_word' id='word_1_49' title='bbox 494 1129 640 1206; x_wconf 84' lang='lat' dir='ltr'><strong>dilanias,</strong></span> <span class='ocrx_word' id='word_1_50' title='bbox 678 1129 823 1207; x_wconf 80' lang='lat' dir='ltr'><strong>devoras,</strong></span> <span class='ocrx_word' id='word_1_51' title='bbox 872 1139 905 1193; x_wconf 90' lang='lat' dir='ltr'><strong>et</strong></span> <span class='ocrx_word' id='word_1_52' title='bbox 952 1129 1123 1213; x_wconf 77' lang='lat' dir='ltr'><strong>disperdis·</strong></span> <span class='ocrx_word' id='word_1_53' title='bbox 1184 1128 1316 1212; x_wconf 82' lang='lat' dir='ltr'>Capella</span> <span class='ocrx_word' id='word_1_54' title='bbox 1352 1131 1429 1215; x_wconf 93' lang='lat' dir='ltr'><strong>quid</strong></span> 
     </span>
     <span class='ocr_line' id='line_1_7' title="bbox 227 1231 1430 1320; baseline -0.002 -22"><span class='ocrx_word' id='word_1_55' title='bbox 227 1235 314 1299; x_wconf 90' lang='lat' dir='ltr'><strong>aliud</strong></span> <span class='ocrx_word' id='word_1_56' title='bbox 338 1246 389 1300; x_wconf 88' lang='lat' dir='ltr'><strong>est</strong></span> <span class='ocrx_word' id='word_1_57' title='bbox 414 1255 508 1320; x_wconf 86' lang='lat' dir='ltr'><strong>quem</strong></span> <span class='ocrx_word' id='word_1_58' title='bbox 541 1231 685 1312; x_wconf 89' lang='lat' dir='ltr'><strong>ecclesia,</strong></span> <span class='ocrx_word' id='word_1_59' title='bbox 710 1253 806 1316; x_wconf 87' lang='lat' dir='ltr'><strong>quam</strong></span> <span class='ocrx_word' id='word_1_60' title='bbox 831 1242 868 1295; x_wconf 90' lang='lat' dir='ltr'><strong>tu</strong></span> <span class='ocrx_word' id='word_1_61' title='bbox 893 1232 1091 1296; x_wconf 83' lang='lat' dir='ltr'><strong>truculenter</strong></span> <span class='ocrx_word' id='word_1_62' title='bbox 1120 1232 1283 1316; x_wconf 86' lang='lat' dir='ltr'><strong>irrumpis,</strong></span> <span class='ocrx_word' id='word_1_63' title='bbox 1309 1233 1430 1316; x_wconf 83' lang='lat' dir='ltr'><strong>praedia</strong></span> 
     </span>
     <span class='ocr_line' id='line_1_8' title="bbox 227 1334 1427 1420; baseline -0.002 -18"><span class='ocrx_word' id='word_1_64' title='bbox 227 1360 286 1402; x_wconf 89' lang='lat' dir='ltr'><strong>sua</strong></span> <span class='ocrx_word' id='word_1_65' title='bbox 316 1337 498 1402; x_wconf 88' lang='lat' dir='ltr'><strong>distrahens</strong></span> <span class='ocrx_word' id='word_1_66' title='bbox 528 1336 562 1400; x_wconf 92' lang='lat' dir='ltr'><strong>in</strong></span> <span class='ocrx_word' id='word_1_67' title='bbox 596 1334 757 1420; x_wconf 90' lang='lat' dir='ltr'><strong>stipendia</strong></span> <span class='ocrx_word' id='word_1_68' title='bbox 787 1345 874 1399; x_wconf 87' lang='lat' dir='ltr'><strong>certe</strong></span> <span class='ocrx_word' id='word_1_69' title='bbox 906 1336 964 1398; x_wconf 91' lang='lat' dir='ltr'><strong>sed</strong></span> <span class='ocrx_word' id='word_1_70' title='bbox 996 1345 1029 1398; x_wconf 91' lang='lat' dir='ltr'><strong>et</strong></span> <span class='ocrx_word' id='word_1_71' title='bbox 1060 1335 1229 1420; x_wconf 91' lang='lat' dir='ltr'><strong>dispendia</strong></span> <span class='ocrx_word' id='word_1_72' title='bbox 1258 1335 1427 1400; x_wconf 82' lang='lat' dir='ltr'><strong>militum?</strong></span> 
     </span>
     <span class='ocr_line' id='line_1_9' title="bbox 226 1439 1425 1526; baseline 0 -22"><span class='ocrx_word' id='word_1_73' title='bbox 226 1442 401 1506; x_wconf 85' lang='lat' dir='ltr'><strong>Formosus</strong></span> <span class='ocrx_word' id='word_1_74' title='bbox 417 1440 470 1504; x_wconf 90' lang='lat' dir='ltr'><strong>ille</strong></span> <span class='ocrx_word' id='word_1_75' title='bbox 484 1461 551 1526; x_wconf 82' lang='lat' dir='ltr'><strong>proe</strong></span> <span class='ocrx_word' id='word_1_76' title='bbox 566 1439 640 1502; x_wconf 90' lang='lat' dir='ltr'><strong>filiis</strong></span> <span class='ocrx_word' id='word_1_77' title='bbox 655 1439 826 1502; x_wconf 90' lang='lat' dir='ltr'><strong>hominum</strong></span> <span class='ocrx_word' id='word_1_78' title='bbox 845 1439 930 1502; x_wconf 87' lang='lat' dir='ltr'><strong>filius</strong></span> <span class='ocrx_word' id='word_1_79' title='bbox 951 1439 1099 1502; x_wconf 78' lang='lat' dir='ltr'><strong>altissimi</strong></span> <span class='ocrx_word' id='word_1_80' title='bbox 1122 1451 1267 1516; x_wconf 89' lang='lat' dir='ltr'><strong>vocatus,</strong></span> <span class='ocrx_word' id='word_1_81' title='bbox 1282 1439 1375 1523; x_wconf 88' lang='lat' dir='ltr'><strong>cujus</strong></span> <span class='ocrx_word' id='word_1_82' title='bbox 1391 1451 1425 1504; x_wconf 88' lang='lat' dir='ltr'><strong>tu</strong></span> 
     </span>
     <span class='ocr_line' id='line_1_10' title="bbox 224 1541 1426 1629; baseline -0.002 -20"><span class='ocrx_word' id='word_1_83' title='bbox 224 1545 394 1609; x_wconf 87' lang='lat' dir='ltr'><strong>comedisti</strong></span> <span class='ocrx_word' id='word_1_84' title='bbox 421 1544 558 1629; x_wconf 83' lang='lat' dir='ltr'><strong>digitum</strong></span> <span class='ocrx_word' id='word_1_85' title='bbox 584 1543 715 1628; x_wconf 91' lang='lat' dir='ltr'><strong>quando</strong></span> <span class='ocrx_word' id='word_1_86' title='bbox 740 1541 872 1606; x_wconf 87' lang='lat' dir='ltr'><strong>beatum</strong></span> <span class='ocrx_word' id='word_1_87' title='bbox 898 1543 1004 1606; x_wconf 84' lang='lat' dir='ltr'><strong>virum</strong></span> <span class='ocrx_word' id='word_1_88' title='bbox 1025 1543 1228 1620; x_wconf 81' lang='lat' dir='ltr'><strong>Anselmum,</strong></span> <span class='ocrx_word' id='word_1_89' title='bbox 1245 1542 1426 1606; x_wconf 87' lang='lat' dir='ltr'><strong>membrum</strong></span> 
     </span>
     <span class='ocr_line' id='line_1_11' title="bbox 222 1645 1426 1734; baseline -0.002 -22"><span class='ocrx_word' id='word_1_90' title='bbox 222 1649 341 1734; x_wconf 82' lang='lat' dir='ltr'><strong>grande</strong></span> <span class='ocrx_word' id='word_1_91' title='bbox 357 1647 500 1731; x_wconf 88' lang='lat' dir='ltr'><strong>corporis</strong></span> <span class='ocrx_word' id='word_1_92' title='bbox 516 1645 680 1719; x_wconf 86' lang='lat' dir='ltr'><strong>dominici,</strong></span> <span class='ocrx_word' id='word_1_93' title='bbox 706 1645 752 1710; x_wconf 87' lang='lat' dir='ltr'><strong>sic</strong></span> <span class='ocrx_word' id='word_1_94' title='bbox 777 1646 949 1724; x_wconf 87' lang='lat' dir='ltr'><strong>devorasti,</strong></span> <span class='ocrx_word' id='word_1_95' title='bbox 970 1645 1058 1731; x_wconf 90' lang='lat' dir='ltr'><strong>quod</strong></span> <span class='ocrx_word' id='word_1_96' title='bbox 1083 1647 1115 1708; x_wconf 89' lang='lat' dir='ltr'><strong>in</strong></span> <span class='ocrx_word' id='word_1_97' title='bbox 1144 1645 1249 1710; x_wconf 88' lang='lat' dir='ltr'><strong>officio</strong></span> <span class='ocrx_word' id='word_1_98' title='bbox 1274 1667 1334 1709; x_wconf 92' lang='lat' dir='ltr'><strong>suo</strong></span> <span class='ocrx_word' id='word_1_99' title='bbox 1360 1669 1426 1710; x_wconf 91' lang='lat' dir='ltr'><strong>non</strong></span> 
     </span>
     <span class='ocr_line' id='line_1_12' title="bbox 222 1746 1427 1836; baseline 0 -23"><span class='ocrx_word' id='word_1_100' title='bbox 222 1758 432 1836; x_wconf 85' lang='lat' dir='ltr'><strong>compareret.</strong></span> <span class='ocrx_word' id='word_1_101' title='bbox 478 1747 576 1814; x_wconf 76' lang='lat' dir='ltr'><strong>Quod</strong></span> <span class='ocrx_word' id='word_1_102' title='bbox 591 1747 685 1810; x_wconf 87' lang='lat' dir='ltr'><strong>existi</strong></span> <span class='ocrx_word' id='word_1_103' title='bbox 702 1757 735 1810; x_wconf 90' lang='lat' dir='ltr'><strong>et</strong></span> <span class='ocrx_word' id='word_1_104' title='bbox 759 1767 907 1810; x_wconf 88' lang='lat' dir='ltr'><strong>reversus</strong></span> <span class='ocrx_word' id='word_1_105' title='bbox 931 1769 965 1811; x_wconf 88' lang='lat' dir='ltr'><strong>es</strong></span> <span class='ocrx_word' id='word_1_106' title='bbox 990 1749 1068 1811; x_wconf 89' lang='lat' dir='ltr'><strong>item</strong></span> <span class='ocrx_word' id='word_1_107' title='bbox 1097 1748 1253 1825; x_wconf 89' lang='lat' dir='ltr'><strong>esuriens,</strong></span> <span class='ocrx_word' id='word_1_108' title='bbox 1268 1746 1427 1831; x_wconf 85' lang='lat' dir='ltr'><strong>significat</strong></span> 
     </span>
     <span class='ocr_line' id='line_1_13' title="bbox 222 1850 1425 1938; baseline 0 -22"><span class='ocrx_word' id='word_1_109' title='bbox 222 1855 309 1938; x_wconf 90' lang='lat' dir='ltr'><strong>quod</strong></span> <span class='ocrx_word' id='word_1_110' title='bbox 334 1853 440 1917; x_wconf 86' lang='lat' dir='ltr'><strong>adhuc</strong></span> <span class='ocrx_word' id='word_1_111' title='bbox 465 1851 621 1937; x_wconf 88' lang='lat' dir='ltr'><strong>proponis</strong></span> <span class='ocrx_word' id='word_1_112' title='bbox 648 1850 827 1914; x_wconf 92' lang='lat' dir='ltr'><strong>Dominum</strong></span> <span class='ocrx_word' id='word_1_113' title='bbox 859 1850 1010 1914; x_wconf 82' lang='lat' dir='ltr'><strong>dilaniare</strong></span> <span class='ocrx_word' id='word_1_114' title='bbox 1036 1850 1178 1914; x_wconf 88' lang='lat' dir='ltr'><strong>deterius</strong></span> <span class='ocrx_word' id='word_1_115' title='bbox 1207 1851 1242 1914; x_wconf 90' lang='lat' dir='ltr'><strong>in</strong></span> <span class='ocrx_word' id='word_1_116' title='bbox 1272 1851 1425 1916; x_wconf 91' lang='lat' dir='ltr'><strong>membris</strong></span> 
     </span>
     <span class='ocr_line' id='line_1_14' title="bbox 223 1952 1425 2040; baseline 0 -21"><span class='ocrx_word' id='word_1_117' title='bbox 223 1957 310 2036; x_wconf 82' lang='lat' dir='ltr'><strong>suis3</strong></span> <span class='ocrx_word' id='word_1_118' title='bbox 332 1955 419 2040; x_wconf 92' lang='lat' dir='ltr'><strong>quod</strong></span> <span class='ocrx_word' id='word_1_119' title='bbox 435 1955 504 2040; x_wconf 91' lang='lat' dir='ltr'><strong>ipse</strong></span> <span class='ocrx_word' id='word_1_120' title='bbox 517 1975 649 2017; x_wconf 89' lang='lat' dir='ltr'><strong>manum</strong></span> <span class='ocrx_word' id='word_1_121' title='bbox 662 1975 753 2022; x_wconf 90' lang='lat' dir='ltr'><strong>suam</strong></span> <span class='ocrx_word' id='word_1_122' title='bbox 765 1953 923 2018; x_wconf 86' lang='lat' dir='ltr'><strong>violenter</strong></span> <span class='ocrx_word' id='word_1_123' title='bbox 938 1952 1073 2017; x_wconf 86' lang='lat' dir='ltr'><strong>abstulit</strong></span> <span class='ocrx_word' id='word_1_124' title='bbox 1088 1964 1213 2017; x_wconf 88' lang='lat' dir='ltr'><strong>mutato</strong></span> <span class='ocrx_word' id='word_1_125' title='bbox 1225 1955 1319 2017; x_wconf 89' lang='lat' dir='ltr'><strong>vultu</strong></span> <span class='ocrx_word' id='word_1_126' title='bbox 1334 1957 1425 2040; x_wconf 84' lang='lat' dir='ltr'><strong>quasi</strong></span> 
     </span>
     <span class='ocr_line' id='line_1_15' title="bbox 222 2056 1425 2142; baseline 0 -20"><span class='ocrx_word' id='word_1_127' title='bbox 222 2081 241 2122; x_wconf 90' lang='lat' dir='ltr'><strong>a</strong></span> <span class='ocrx_word' id='word_1_128' title='bbox 255 2060 326 2124; x_wconf 87' lang='lat' dir='ltr'><strong>luce</strong></span> <span class='ocrx_word' id='word_1_129' title='bbox 338 2061 371 2123; x_wconf 93' lang='lat' dir='ltr'><strong>in</strong></span> <span class='ocrx_word' id='word_1_130' title='bbox 387 2057 547 2135; x_wconf 87' lang='lat' dir='ltr'><strong>tenebras,</strong></span> <span class='ocrx_word' id='word_1_131' title='bbox 562 2057 617 2120; x_wconf 87' lang='lat' dir='ltr'><strong>lux</strong></span> <span class='ocrx_word' id='word_1_132' title='bbox 633 2057 792 2142; x_wconf 87' lang='lat' dir='ltr'><strong>significat</strong></span> <span class='ocrx_word' id='word_1_133' title='bbox 807 2057 894 2140; x_wconf 92' lang='lat' dir='ltr'><strong>quod</strong></span> <span class='ocrx_word' id='word_1_134' title='bbox 910 2057 1017 2120; x_wconf 90' lang='lat' dir='ltr'><strong>suavis</strong></span> <span class='ocrx_word' id='word_1_135' title='bbox 1033 2067 1066 2121; x_wconf 90' lang='lat' dir='ltr'><strong>et</strong></span> <span class='ocrx_word' id='word_1_136' title='bbox 1088 2056 1175 2120; x_wconf 89' lang='lat' dir='ltr'><strong>mitis</strong></span> <span class='ocrx_word' id='word_1_137' title='bbox 1195 2067 1247 2120; x_wconf 88' lang='lat' dir='ltr'><strong>est</strong></span> <span class='ocrx_word' id='word_1_138' title='bbox 1266 2066 1299 2119; x_wconf 91' lang='lat' dir='ltr'><strong>et</strong></span> <span class='ocrx_word' id='word_1_139' title='bbox 1314 2058 1425 2122; x_wconf 87' lang='lat' dir='ltr'><strong>multae</strong></span> 
     </span>
     <span class='ocr_line' id='line_1_16' title="bbox 222 2159 1424 2244; baseline -0.001 -19"><span class='ocrx_word' id='word_1_140' title='bbox 222 2162 448 2228; x_wconf 71' lang='lat' dir='ltr'><strong>misericordiae</strong></span> <span class='ocrx_word' id='word_1_141' title='bbox 463 2159 614 2226; x_wconf 86' lang='lat' dir='ltr'><strong>omnibus</strong></span> <span class='ocrx_word' id='word_1_142' title='bbox 629 2159 855 2223; x_wconf 84' lang='lat' dir='ltr'><strong>invocantibus</strong></span> <span class='ocrx_word' id='word_1_143' title='bbox 869 2181 914 2223; x_wconf 87' lang='lat' dir='ltr'><strong>se.</strong></span> <span class='ocrx_word' id='word_1_144' title='bbox 946 2161 997 2222; x_wconf 83' lang='lat' dir='ltr'><strong>Tu</strong></span> <span class='ocrx_word' id='word_1_145' title='bbox 1009 2169 1117 2223; x_wconf 89' lang='lat' dir='ltr'><strong>eutem</strong></span> <span class='ocrx_word' id='word_1_146' title='bbox 1133 2159 1241 2244; x_wconf 90' lang='lat' dir='ltr'><strong>ipsum</strong></span> <span class='ocrx_word' id='word_1_147' title='bbox 1252 2181 1318 2222; x_wconf 90' lang='lat' dir='ltr'><strong>non</strong></span> <span class='ocrx_word' id='word_1_148' title='bbox 1331 2160 1424 2224; x_wconf 85' lang='lat' dir='ltr'><strong>invo-</strong></span> 
     </span>
     <span class='ocr_line' id='line_1_17' title="bbox 221 2262 1422 2350; baseline 0 -22"><span class='ocrx_word' id='word_1_149' title='bbox 221 2265 312 2345; x_wconf 88' lang='lat' dir='ltr'><strong>casti,</strong></span> <span class='ocrx_word' id='word_1_150' title='bbox 328 2265 385 2329; x_wconf 88' lang='lat' dir='ltr'><strong>sed</strong></span> <span class='ocrx_word' id='word_1_151' title='bbox 401 2275 556 2350; x_wconf 88' lang='lat' dir='ltr'><strong>quantum</strong></span> <span class='ocrx_word' id='word_1_152' title='bbox 572 2265 606 2326; x_wconf 92' lang='lat' dir='ltr'><strong>in</strong></span> <span class='ocrx_word' id='word_1_153' title='bbox 618 2275 650 2326; x_wconf 90' lang='lat' dir='ltr'><strong>te</strong></span> <span class='ocrx_word' id='word_1_154' title='bbox 660 2263 722 2326; x_wconf 85' lang='lat' dir='ltr'><strong>fuit</strong></span> <span class='ocrx_word' id='word_1_155' title='bbox 737 2263 912 2328; x_wconf 88' lang='lat' dir='ltr'><strong>suffocasti.</strong></span> <span class='ocrx_word' id='word_1_156' title='bbox 958 2262 1057 2328; x_wconf 72' lang='lat' dir='ltr'><strong>Quod</strong></span> <span class='ocrx_word' id='word_1_157' title='bbox 1073 2273 1182 2326; x_wconf 88' lang='lat' dir='ltr'><strong>autem</strong></span> <span class='ocrx_word' id='word_1_158' title='bbox 1197 2263 1280 2326; x_wconf 87' lang='lat' dir='ltr'><strong>circa</strong></span> <span class='ocrx_word' id='word_1_159' title='bbox 1296 2263 1422 2328; x_wconf 91' lang='lat' dir='ltr'><strong>vultum</strong></span> 
     </span>
     <span class='ocr_line' id='line_1_18' title="bbox 221 2349 1442 2453; baseline 0.001 -22"><span class='ocrx_word' id='word_1_160' title='bbox 221 2368 312 2433; x_wconf 91' lang='lat' dir='ltr'><strong>illum</strong></span> <span class='ocrx_word' id='word_1_161' title='bbox 322 2379 466 2434; x_wconf 83' lang='lat' dir='ltr'><strong>mutatus</strong></span> <span class='ocrx_word' id='word_1_162' title='bbox 479 2377 529 2432; x_wconf 90' lang='lat' dir='ltr'><strong>est</strong></span> <span class='ocrx_word' id='word_1_163' title='bbox 540 2367 628 2432; x_wconf 86' lang='lat' dir='ltr'><strong>color</strong></span> <span class='ocrx_word' id='word_1_164' title='bbox 637 2367 832 2451; x_wconf 87' lang='lat' dir='ltr'><strong>optimus,tu</strong></span> <span class='ocrx_word' id='word_1_165' title='bbox 844 2367 1000 2445; x_wconf 87' lang='lat' dir='ltr'><strong>meruisti,</strong></span> <span class='ocrx_word' id='word_1_166' title='bbox 1007 2366 1066 2431; x_wconf 89' lang='lat' dir='ltr'><strong>tibi</strong></span> <span class='ocrx_word' id='word_1_167' title='bbox 1077 2389 1163 2431; x_wconf 87' lang='lat' dir='ltr'><strong>nunc</strong></span> <span class='ocrx_word' id='word_1_168' title='bbox 1173 2367 1313 2453; x_wconf 84' lang='lat' dir='ltr'><strong>imputat</strong></span> <span class='ocrx_word' id='word_1_169' title='bbox 1320 2367 1422 2432; x_wconf 91' lang='lat' dir='ltr'><strong>iratus</strong></span> <span class='ocrx_word' id='word_1_170' title='bbox 1436 2349 1442 2358; x_wconf 41' lang='lat'><em>⁶</em></span> 
     </span>
     <span class='ocr_line' id='line_1_19' title="bbox 220 2469 1422 2557; baseline 0 -23"><span class='ocrx_word' id='word_1_171' title='bbox 220 2473 388 2557; x_wconf 80' lang='lat' dir='ltr'><strong>factusque</strong></span> <span class='ocrx_word' id='word_1_172' title='bbox 403 2470 566 2548; x_wconf 89' lang='lat' dir='ltr'><strong>terribilis,</strong></span> <span class='ocrx_word' id='word_1_173' title='bbox 581 2471 667 2554; x_wconf 93' lang='lat' dir='ltr'><strong>quod</strong></span> <span class='ocrx_word' id='word_1_174' title='bbox 680 2469 788 2553; x_wconf 89' lang='lat' dir='ltr'><strong>ipsum</strong></span> <span class='ocrx_word' id='word_1_175' title='bbox 800 2469 1011 2555; x_wconf 85' lang='lat' dir='ltr'><strong>dedignanter</strong></span> <span class='ocrx_word' id='word_1_176' title='bbox 1026 2470 1172 2554; x_wconf 87' lang='lat' dir='ltr'><strong>repulisti</strong></span> <span class='ocrx_word' id='word_1_177' title='bbox 1188 2469 1266 2535; x_wconf 87' lang='lat' dir='ltr'><strong>dum</strong></span> <span class='ocrx_word' id='word_1_178' title='bbox 1282 2471 1344 2534; x_wconf 87' lang='lat' dir='ltr'><strong>fuit</strong></span> <span class='ocrx_word' id='word_1_179' title='bbox 1355 2472 1422 2555; x_wconf 87' lang='lat' dir='ltr'><strong>pla-</strong></span> 
     </span>
     <span class='ocr_line' id='line_1_20' title="bbox 220 2573 1421 2658; baseline 0 -20"><span class='ocrx_word' id='word_1_180' title='bbox 220 2573 341 2639; x_wconf 86' lang='lat' dir='ltr'><strong>cabilis.</strong></span> <span class='ocrx_word' id='word_1_181' title='bbox 360 2624 365 2632; x_wconf 82' lang='grc'>.</span> <span class='ocrx_word' id='word_1_182' title='bbox 386 2575 485 2642; x_wconf 74' lang='lat' dir='ltr'><strong>Quod</strong></span> <span class='ocrx_word' id='word_1_183' title='bbox 500 2574 555 2653; x_wconf 90' lang='lat' dir='ltr'><strong>ait,</strong></span> <span class='ocrx_word' id='word_1_184' title='bbox 571 2595 635 2636; x_wconf 93' lang='lat' dir='ltr'><strong>non</strong></span> <span class='ocrx_word' id='word_1_185' title='bbox 653 2574 813 2652; x_wconf 89' lang='lat' dir='ltr'><strong>comedes,</strong></span> <span class='ocrx_word' id='word_1_186' title='bbox 825 2573 892 2658; x_wconf 90' lang='lat' dir='ltr'><strong>jam</strong></span> <span class='ocrx_word' id='word_1_187' title='bbox 911 2573 1075 2658; x_wconf 87' lang='lat' dir='ltr'><strong>judicatus</strong></span> <span class='ocrx_word' id='word_1_188' title='bbox 1092 2595 1137 2651; x_wconf 92' lang='lat' dir='ltr'><strong>es,</strong></span> <span class='ocrx_word' id='word_1_189' title='bbox 1154 2583 1187 2637; x_wconf 85' lang='lat' dir='ltr'><strong>et</strong></span> <span class='ocrx_word' id='word_1_190' title='bbox 1202 2573 1261 2637; x_wconf 92' lang='lat' dir='ltr'><strong>tibi</strong></span> <span class='ocrx_word' id='word_1_191' title='bbox 1276 2584 1421 2657; x_wconf 88' lang='lat' dir='ltr'><strong>potestas</strong></span> 
     </span>
     <span class='ocr_line' id='line_1_21' title="bbox 219 2675 1419 2764; baseline 0 -22"><span class='ocrx_word' id='word_1_192' title='bbox 219 2678 366 2742; x_wconf 87' lang='lat' dir='ltr'><strong>maleficii</strong></span> <span class='ocrx_word' id='word_1_193' title='bbox 382 2677 512 2764; x_wconf 88' lang='lat' dir='ltr'><strong>penitus</strong></span> <span class='ocrx_word' id='word_1_194' title='bbox 528 2676 634 2740; x_wconf 86' lang='lat' dir='ltr'><strong>ablata</strong></span> <span class='ocrx_word' id='word_1_195' title='bbox 649 2687 834 2740; x_wconf 79' lang='lat' dir='ltr'><strong>convertere</strong></span> <span class='ocrx_word' id='word_1_196' title='bbox 846 2676 897 2739; x_wconf 88' lang='lat' dir='ltr'><strong>vel</strong></span> <span class='ocrx_word' id='word_1_197' title='bbox 910 2698 991 2754; x_wconf 91' lang='lat' dir='ltr'><strong>sero,</strong></span> <span class='ocrx_word' id='word_1_198' title='bbox 1002 2675 1076 2761; x_wconf 87' lang='lat' dir='ltr'><strong>quia</strong></span> <span class='ocrx_word' id='word_1_199' title='bbox 1090 2676 1150 2740; x_wconf 87' lang='lat' dir='ltr'><strong>tibi</strong></span> <span class='ocrx_word' id='word_1_200' title='bbox 1165 2697 1253 2739; x_wconf 91' lang='lat' dir='ltr'><strong>mors</strong></span> <span class='ocrx_word' id='word_1_201' title='bbox 1267 2675 1300 2738; x_wconf 92' lang='lat' dir='ltr'><strong>in</strong></span> <span class='ocrx_word' id='word_1_202' title='bbox 1311 2677 1419 2761; x_wconf 90' lang='lat' dir='ltr'><strong>januis</strong></span> 
     </span>
     <span class='ocr_line' id='line_1_22' title="bbox 216 2779 1419 2864; baseline 0.001 -19"><span class='ocrx_word' id='word_1_203' title='bbox 216 2783 299 2846; x_wconf 90' lang='lat' dir='ltr'><strong>est.&#39;&#39;</strong></span> <span class='ocrx_word' id='word_1_204' title='bbox 344 2783 422 2845; x_wconf 92' lang='lat' dir='ltr'><strong>Non</strong></span> <span class='ocrx_word' id='word_1_205' title='bbox 449 2780 586 2846; x_wconf 89' lang='lat' dir='ltr'><strong>credidit</strong></span> <span class='ocrx_word' id='word_1_206' title='bbox 604 2780 633 2843; x_wconf 92' lang='lat' dir='ltr'><strong>ei</strong></span> <span class='ocrx_word' id='word_1_207' title='bbox 658 2801 724 2854; x_wconf 84' lang='lat' dir='ltr'><strong>rex,</strong></span> <span class='ocrx_word' id='word_1_208' title='bbox 751 2788 784 2842; x_wconf 92' lang='lat' dir='ltr'><strong>et</strong></span> <span class='ocrx_word' id='word_1_209' title='bbox 809 2779 922 2843; x_wconf 88' lang='lat' dir='ltr'><strong>eadem</strong></span> <span class='ocrx_word' id='word_1_210' title='bbox 949 2779 1000 2842; x_wconf 92' lang='lat' dir='ltr'><strong>die</strong></span> <span class='ocrx_word' id='word_1_211' title='bbox 1023 2780 1058 2842; x_wconf 92' lang='lat' dir='ltr'><strong>in</strong></span> <span class='ocrx_word' id='word_1_212' title='bbox 1082 2780 1203 2842; x_wconf 87' lang='lat' dir='ltr'><strong>foresta</strong></span> <span class='ocrx_word' id='word_1_213' title='bbox 1229 2801 1325 2864; x_wconf 88' lang='lat' dir='ltr'><strong>quam</strong></span> <span class='ocrx_word' id='word_1_214' title='bbox 1347 2781 1419 2846; x_wconf 89' lang='lat' dir='ltr'><strong>Deo</strong></span> 
     </span>
     <span class='ocr_line' id='line_1_23' title="bbox 217 2881 1420 2970; baseline -0.001 -21"><span class='ocrx_word' id='word_1_215' title='bbox 217 2885 351 2950; x_wconf 86' lang='lat' dir='ltr'><strong>abstulit</strong></span> <span class='ocrx_word' id='word_1_216' title='bbox 365 2908 384 2948; x_wconf 94' lang='lat' dir='ltr'><strong>a</strong></span> <span class='ocrx_word' id='word_1_217' title='bbox 398 2884 554 2970; x_wconf 83' lang='lat' dir='ltr'><strong>praedicto</strong></span> <span class='ocrx_word' id='word_1_218' title='bbox 568 2883 713 2947; x_wconf 86' lang='lat' dir='ltr'><strong>Waltero</strong></span> <span class='ocrx_word' id='word_1_219' title='bbox 728 2881 826 2968; x_wconf 84' lang='lat' dir='ltr'><strong>Tyrel</strong></span> <span class='ocrx_word' id='word_1_220' title='bbox 840 2882 965 2946; x_wconf 87' lang='lat' dir='ltr'><strong>occisus</strong></span> <span class='ocrx_word' id='word_1_221' title='bbox 981 2891 1041 2961; x_wconf 87' lang='lat' dir='ltr'><strong>est,</strong></span> <span class='ocrx_word' id='word_1_222' title='bbox 1057 2893 1090 2946; x_wconf 90' lang='lat' dir='ltr'><strong>et</strong></span> <span class='ocrx_word' id='word_1_223' title='bbox 1104 2905 1123 2946; x_wconf 88' lang='lat' dir='ltr'><strong>a</strong></span> <span class='ocrx_word' id='word_1_224' title='bbox 1147 2882 1213 2946; x_wconf 91' lang='lat' dir='ltr'><strong>suis</strong></span> <span class='ocrx_word' id='word_1_225' title='bbox 1234 2882 1274 2945; x_wconf 87' lang='lat' dir='ltr'><strong>ad</strong></span> <span class='ocrx_word' id='word_1_226' title='bbox 1289 2882 1420 2968; x_wconf 89' lang='lat' dir='ltr'><strong>plenam</strong></span> 
     </span>
     <span class='ocr_line' id='line_1_24' title="bbox 217 2984 1418 3072; baseline -0.001 -20"><span class='ocrx_word' id='word_1_227' title='bbox 217 2988 398 3053; x_wconf 90' lang='lat' dir='ltr'><strong>nuditatem</strong></span> <span class='ocrx_word' id='word_1_228' title='bbox 430 2986 598 3072; x_wconf 86' lang='lat' dir='ltr'><strong>spoliatus.</strong></span> <span class='ocrx_word' id='word_1_229' title='bbox 643 2984 770 3048; x_wconf 86' lang='lat' dir='ltr'><strong>Exinde</strong></span> <span class='ocrx_word' id='word_1_230' title='bbox 795 2984 986 3070; x_wconf 87' lang='lat' dir='ltr'><strong>impositum</strong></span> <span class='ocrx_word' id='word_1_231' title='bbox 1012 2984 1086 3070; x_wconf 86' lang='lat' dir='ltr'><strong>biga</strong></span> <span class='ocrx_word' id='word_1_232' title='bbox 1108 2985 1179 3049; x_wconf 89' lang='lat' dir='ltr'><strong>rudi</strong></span> <span class='ocrx_word' id='word_1_233' title='bbox 1204 2996 1237 3048; x_wconf 90' lang='lat' dir='ltr'><strong>et</strong></span> <span class='ocrx_word' id='word_1_234' title='bbox 1256 2985 1323 3064; x_wconf 88' lang='lat' dir='ltr'><strong>vili,</strong></span> <span class='ocrx_word' id='word_1_235' title='bbox 1347 2988 1418 3072; x_wconf 91' lang='lat' dir='ltr'><strong>quis</strong></span> 
     </span>
     <span class='ocr_line' id='line_1_25' title="bbox 216 3089 1418 3176; baseline 0 -20"><span class='ocrx_word' id='word_1_236' title='bbox 216 3103 302 3156; x_wconf 87' lang='lat' dir='ltr'><strong>esset</strong></span> <span class='ocrx_word' id='word_1_237' title='bbox 327 3091 489 3176; x_wconf 89' lang='lat' dir='ltr'><strong>ignorans,</strong></span> <span class='ocrx_word' id='word_1_238' title='bbox 511 3091 630 3175; x_wconf 87' lang='lat' dir='ltr'><strong>pietate</strong></span> <span class='ocrx_word' id='word_1_239' title='bbox 654 3099 775 3166; x_wconf 91' lang='lat' dir='ltr'><strong>motus,</strong></span> <span class='ocrx_word' id='word_1_240' title='bbox 790 3089 929 3152; x_wconf 88' lang='lat' dir='ltr'><strong>rusticus</strong></span> <span class='ocrx_word' id='word_1_241' title='bbox 950 3089 1149 3152; x_wconf 84' lang='lat' dir='ltr'><strong>Wintoniam</strong></span> <span class='ocrx_word' id='word_1_242' title='bbox 1166 3090 1287 3152; x_wconf 80' lang='lat' dir='ltr'><strong>deferre</strong></span> <span class='ocrx_word' id='word_1_243' title='bbox 1303 3091 1418 3157; x_wconf 89' lang='lat' dir='ltr'><strong>voluit.</strong></span> 
     </span>
     <span class='ocr_line' id='line_1_26' title="bbox 218 3192 1418 3279; baseline -0.001 -19"><span class='ocrx_word' id='word_1_244' title='bbox 218 3196 414 3260; x_wconf 88' lang='lat' dir='ltr'><strong>Perveniens</strong></span> <span class='ocrx_word' id='word_1_245' title='bbox 429 3203 537 3257; x_wconf 84' lang='lat' dir='ltr'><strong>autem</strong></span> <span class='ocrx_word' id='word_1_246' title='bbox 554 3203 698 3277; x_wconf 78' lang='lat' dir='ltr'><strong>atquem</strong></span> <span class='ocrx_word' id='word_1_247' title='bbox 714 3192 831 3256; x_wconf 90' lang='lat' dir='ltr'><strong>tulerat</strong></span> <span class='ocrx_word' id='word_1_248' title='bbox 846 3214 912 3255; x_wconf 93' lang='lat' dir='ltr'><strong>non</strong></span> <span class='ocrx_word' id='word_1_249' title='bbox 927 3192 1108 3272; x_wconf 90' lang='lat' dir='ltr'><strong>inveniens,</strong></span> <span class='ocrx_word' id='word_1_250' title='bbox 1123 3193 1195 3256; x_wconf 87' lang='lat' dir='ltr'><strong>lacu</strong></span> <span class='ocrx_word' id='word_1_251' title='bbox 1216 3214 1311 3279; x_wconf 88' lang='lat' dir='ltr'><strong>quem</strong></span> <span class='ocrx_word' id='word_1_252' title='bbox 1330 3203 1418 3259; x_wconf 88' lang='lat' dir='ltr'><strong>tran·</strong></span> 
     </span>
     <span class='ocr_line' id='line_1_27' title="bbox 217 3294 1417 3382; baseline -0.001 -19"><span class='ocrx_word' id='word_1_253' title='bbox 217 3298 314 3363; x_wconf 90' lang='lat' dir='ltr'><strong>sierat</strong></span> <span class='ocrx_word' id='word_1_254' title='bbox 345 3320 462 3382; x_wconf 87' lang='lat' dir='ltr'><strong>corpus</strong></span> <span class='ocrx_word' id='word_1_255' title='bbox 488 3296 607 3381; x_wconf 90' lang='lat' dir='ltr'><strong>reperit</strong></span> <span class='ocrx_word' id='word_1_256' title='bbox 633 3295 701 3358; x_wconf 88' lang='lat' dir='ltr'><strong>luto</strong></span> <span class='ocrx_word' id='word_1_257' title='bbox 726 3294 903 3373; x_wconf 88' lang='lat' dir='ltr'><strong>sordidum,</strong></span> <span class='ocrx_word' id='word_1_258' title='bbox 928 3305 961 3358; x_wconf 91' lang='lat' dir='ltr'><strong>et</strong></span> <span class='ocrx_word' id='word_1_259' title='bbox 991 3295 1030 3358; x_wconf 95' lang='lat' dir='ltr'><strong>ad</strong></span> <span class='ocrx_word' id='word_1_260' title='bbox 1062 3296 1260 3381; x_wconf 87' lang='lat' dir='ltr'><strong>sepulturam</strong></span> <span class='ocrx_word' id='word_1_261' title='bbox 1291 3297 1417 3362; x_wconf 90' lang='lat' dir='ltr'><strong>detulit.</strong></span> 
     </span>
     <span class='ocr_line' id='line_1_28' title="bbox 216 3398 1417 3484; baseline 0 -17"><span class='ocrx_word' id='word_1_262' title='bbox 216 3403 341 3468; x_wconf 84' lang='lat' dir='ltr'><strong>Eadem</strong></span> <span class='ocrx_word' id='word_1_263' title='bbox 357 3403 408 3466; x_wconf 88' lang='lat' dir='ltr'><strong>die</strong></span> <span class='ocrx_word' id='word_1_264' title='bbox 431 3403 526 3466; x_wconf 91' lang='lat' dir='ltr'><strong>Petro</strong></span> <span class='ocrx_word' id='word_1_265' title='bbox 553 3402 593 3464; x_wconf 93' lang='lat' dir='ltr'><strong>de</strong></span> <span class='ocrx_word' id='word_1_266' title='bbox 616 3399 746 3478; x_wconf 88' lang='lat' dir='ltr'><strong>Melvis,</strong></span> <span class='ocrx_word' id='word_1_267' title='bbox 773 3398 842 3462; x_wconf 88' lang='lat' dir='ltr'><strong>viro</strong></span> <span class='ocrx_word' id='word_1_268' title='bbox 870 3398 909 3462; x_wconf 92' lang='lat' dir='ltr'><strong>de</strong></span> <span class='ocrx_word' id='word_1_269' title='bbox 935 3398 1082 3484; x_wconf 88' lang='lat' dir='ltr'><strong>partibus</strong></span> <span class='ocrx_word' id='word_1_270' title='bbox 1107 3400 1254 3477; x_wconf 80' lang='lat' dir='ltr'><strong>Exonioe,</strong></span> <span class='ocrx_word' id='word_1_271' title='bbox 1278 3421 1417 3484; x_wconf 87' lang='lat' dir='ltr'><strong>persona</strong></span> 
     </span>
     <span class='ocr_line' id='line_1_29' title="bbox 217 3503 1418 3594; baseline -0.001 -23"><span class='ocrx_word' id='word_1_272' title='bbox 217 3507 364 3594; x_wconf 84' lang='lat' dir='ltr'><strong>quaedam</strong></span> <span class='ocrx_word' id='word_1_273' title='bbox 384 3505 457 3570; x_wconf 84' lang='lat' dir='ltr'><strong>vilis</strong></span> <span class='ocrx_word' id='word_1_274' title='bbox 482 3515 515 3569; x_wconf 92' lang='lat' dir='ltr'><strong>et</strong></span> <span class='ocrx_word' id='word_1_275' title='bbox 530 3504 624 3583; x_wconf 85' lang='lat' dir='ltr'><strong>foeda,</strong></span> <span class='ocrx_word' id='word_1_276' title='bbox 640 3503 741 3567; x_wconf 89' lang='lat' dir='ltr'><strong>telum</strong></span> <span class='ocrx_word' id='word_1_277' title='bbox 756 3503 862 3566; x_wconf 83' lang='lat' dir='ltr'><strong>ferens</strong></span> <span class='ocrx_word' id='word_1_278' title='bbox 885 3511 1066 3580; x_wconf 88' lang='lat' dir='ltr'><strong>cruentum,</strong></span> <span class='ocrx_word' id='word_1_279' title='bbox 1090 3503 1248 3566; x_wconf 84' lang='lat' dir='ltr'><strong>cursitans</strong></span> <span class='ocrx_word' id='word_1_280' title='bbox 1269 3507 1418 3588; x_wconf 87' lang='lat' dir='ltr'><strong>apparuit</strong></span> 
     </span>
     <span class='ocr_line' id='line_1_30' title="bbox 213 3605 1416 3691; baseline -0.002 -16"><span class='ocrx_word' id='word_1_281' title='bbox 213 3612 335 3689; x_wconf 89' lang='lat' dir='ltr'><strong>dicens,</strong></span> <span class='ocrx_word' id='word_1_282' title='bbox 357 3615 378 3646; x_wconf 90' lang='lat'><strong><em>“</em></strong></span> <span class='ocrx_word' id='word_1_283' title='bbox 390 3609 465 3674; x_wconf 89' lang='lat' dir='ltr'><strong>Hoc</strong></span> <span class='ocrx_word' id='word_1_284' title='bbox 492 3609 593 3673; x_wconf 87' lang='lat' dir='ltr'><strong>telum</strong></span> <span class='ocrx_word' id='word_1_285' title='bbox 617 3607 714 3670; x_wconf 89' lang='lat' dir='ltr'><strong>hodie</strong></span> <span class='ocrx_word' id='word_1_286' title='bbox 739 3627 846 3690; x_wconf 88' lang='lat' dir='ltr'><strong>regem</strong></span> <span class='ocrx_word' id='word_1_287' title='bbox 870 3615 1014 3670; x_wconf 87' lang='lat' dir='ltr'><strong>restrum</strong></span> <span class='ocrx_word' id='word_1_288' title='bbox 1044 3605 1218 3691; x_wconf 87' lang='lat' dir='ltr'><strong>perfodit.&#39;&#39;</strong></span> <span class='ocrx_word' id='word_1_289' title='bbox 1266 3607 1330 3670; x_wconf 89' lang='lat' dir='ltr'><strong>Hic</strong></span> <span class='ocrx_word' id='word_1_290' title='bbox 1359 3630 1416 3673; x_wconf 88' lang='lat' dir='ltr'><strong>rex</strong></span> 
     </span>
     <span class='ocr_line' id='line_1_31' title="bbox 212 3709 1414 3794; baseline -0.002 -17"><span class='ocrx_word' id='word_1_291' title='bbox 212 3715 331 3778; x_wconf 91' lang='lat' dir='ltr'><strong>multas</strong></span> <span class='ocrx_word' id='word_1_292' title='bbox 361 3712 502 3777; x_wconf 80' lang='lat' dir='ltr'><strong>ecclesiae</strong></span> <span class='ocrx_word' id='word_1_293' title='bbox 532 3709 754 3794; x_wconf 89' lang='lat' dir='ltr'><strong>possessiones</strong></span> <span class='ocrx_word' id='word_1_294' title='bbox 781 3709 910 3793; x_wconf 90' lang='lat' dir='ltr'><strong>injustis</strong></span> <span class='ocrx_word' id='word_1_295' title='bbox 940 3709 1046 3772; x_wconf 91' lang='lat' dir='ltr'><strong>modis</strong></span> <span class='ocrx_word' id='word_1_296' title='bbox 1076 3733 1095 3772; x_wconf 88' lang='lat' dir='ltr'><strong>a</strong></span> <span class='ocrx_word' id='word_1_297' title='bbox 1123 3709 1264 3794; x_wconf 73' lang='lat' dir='ltr'><strong>praelatis</strong></span> <span class='ocrx_word' id='word_1_298' title='bbox 1294 3709 1414 3775; x_wconf 83' lang='lat' dir='ltr'><strong>evictas</strong></span> 
     </span>
     <span class='ocr_line' id='line_1_32' title="bbox 214 3811 1414 3899; baseline -0.003 -18"><span class='ocrx_word' id='word_1_299' title='bbox 214 3816 370 3881; x_wconf 89' lang='lat' dir='ltr'><strong>militibus</strong></span> <span class='ocrx_word' id='word_1_300' title='bbox 387 3815 464 3893; x_wconf 88' lang='lat' dir='ltr'><strong>suis,</strong></span> <span class='ocrx_word' id='word_1_301' title='bbox 480 3813 599 3899; x_wconf 91' lang='lat' dir='ltr'><strong>proprii</strong></span> <span class='ocrx_word' id='word_1_302' title='bbox 616 3823 723 3892; x_wconf 87' lang='lat' dir='ltr'><strong>tenax,</strong></span> <span class='ocrx_word' id='word_1_303' title='bbox 737 3813 844 3896; x_wconf 89' lang='lat' dir='ltr'><strong>largus</strong></span> <span class='ocrx_word' id='word_1_304' title='bbox 860 3811 965 3891; x_wconf 89' lang='lat' dir='ltr'><strong>alieni,</strong></span> <span class='ocrx_word' id='word_1_305' title='bbox 981 3813 1170 3876; x_wconf 86' lang='lat' dir='ltr'><strong>contulerat.</strong></span> <span class='ocrx_word' id='word_1_306' title='bbox 1216 3812 1279 3876; x_wconf 89' lang='lat' dir='ltr'><strong>Die</strong></span> <span class='ocrx_word' id='word_1_307' title='bbox 1300 3815 1414 3878; x_wconf 86' lang='lat' dir='ltr'><strong>mortis</strong></span> 
     </span>
     <span class='ocr_line' id='line_1_33' title="bbox 213 3915 1414 4002; baseline -0.003 -18"><span class='ocrx_word' id='word_1_308' title='bbox 213 3943 279 3984; x_wconf 82' lang='lat' dir='ltr'><strong>suae</strong></span> <span class='ocrx_word' id='word_1_309' title='bbox 295 3919 457 4002; x_wconf 90' lang='lat' dir='ltr'><strong>dompnus</strong></span> <span class='ocrx_word' id='word_1_310' title='bbox 473 3916 572 3981; x_wconf 88' lang='lat' dir='ltr'><strong>abbas</strong></span> <span class='ocrx_word' id='word_1_311' title='bbox 590 3915 687 3980; x_wconf 87' lang='lat' dir='ltr'><strong>Cluni</strong></span> <span class='ocrx_word' id='word_1_312' title='bbox 702 3915 870 3993; x_wconf 85' lang='lat' dir='ltr'><strong>Anselmo‚</strong></span> <span class='ocrx_word' id='word_1_313' title='bbox 886 3916 940 4000; x_wconf 88' lang='lat' dir='ltr'><strong>qni</strong></span> <span class='ocrx_word' id='word_1_314' title='bbox 961 3937 1061 4000; x_wconf 88' lang='lat' dir='ltr'><strong>penes</strong></span> <span class='ocrx_word' id='word_1_315' title='bbox 1076 3915 1184 4000; x_wconf 88' lang='lat' dir='ltr'><strong>ipsum</strong></span> <span class='ocrx_word' id='word_1_316' title='bbox 1200 3915 1414 4000; x_wconf 89' lang='lat' dir='ltr'><strong>perhendina-</strong></span> 
     </span>
     <span class='ocr_line' id='line_1_34' title="bbox 211 4018 1413 4102; baseline -0.005 -13"><span class='ocrx_word' id='word_1_317' title='bbox 211 4023 268 4088; x_wconf 93' lang='lat' dir='ltr'><strong>bat</strong></span> <span class='ocrx_word' id='word_1_318' title='bbox 279 4023 382 4102; x_wconf 88' lang='lat' dir='ltr'><strong>exsul,</strong></span> <span class='ocrx_word' id='word_1_319' title='bbox 393 4043 464 4086; x_wconf 92' lang='lat' dir='ltr'><strong>eam</strong></span> <span class='ocrx_word' id='word_1_320' title='bbox 476 4019 704 4085; x_wconf 86' lang='lat' dir='ltr'><strong>manifestavit.</strong></span> <span class='ocrx_word' id='word_1_321' title='bbox 727 4019 807 4082; x_wconf 84' lang='lat' dir='ltr'><strong>Erat</strong></span> <span class='ocrx_word' id='word_1_322' title='bbox 816 4027 923 4082; x_wconf 89' lang='lat' dir='ltr'><strong>autem</strong></span> <span class='ocrx_word' id='word_1_323' title='bbox 939 4018 1099 4082; x_wconf 89' lang='lat' dir='ltr'><strong>Henricus</strong></span> <span class='ocrx_word' id='word_1_324' title='bbox 1110 4019 1206 4082; x_wconf 85' lang='lat' dir='ltr'><strong>frater</strong></span> <span class='ocrx_word' id='word_1_325' title='bbox 1219 4019 1324 4084; x_wconf 91' lang='lat' dir='ltr'><strong>minor</strong></span> <span class='ocrx_word' id='word_1_326' title='bbox 1336 4020 1413 4085; x_wconf 91' lang='lat' dir='ltr'><strong>dicti</strong></span> 
     </span>
     <span class='ocr_line' id='line_1_35' title="bbox 212 4122 1413 4212; baseline -0.004 -21"><span class='ocrx_word' id='word_1_327' title='bbox 212 4126 295 4212; x_wconf 87' lang='lat' dir='ltr'><strong>regis</strong></span> <span class='ocrx_word' id='word_1_328' title='bbox 319 4125 510 4202; x_wconf 77' lang='lat' dir='ltr'><strong>LondoniiS,</strong></span> <span class='ocrx_word' id='word_1_329' title='bbox 534 4123 669 4188; x_wconf 89' lang='lat' dir='ltr'><strong>sollicite</strong></span> <span class='ocrx_word' id='word_1_330' title='bbox 685 4133 832 4207; x_wconf 84' lang='lat' dir='ltr'><strong>satagens</strong></span> <span class='ocrx_word' id='word_1_331' title='bbox 847 4132 886 4184; x_wconf 86' lang='lat' dir='ltr'><strong>ut</strong></span> <span class='ocrx_word' id='word_1_332' title='bbox 900 4131 1056 4206; x_wconf 88' lang='lat' dir='ltr'><strong>regnaret,</strong></span> <span class='ocrx_word' id='word_1_333' title='bbox 1073 4132 1106 4186; x_wconf 87' lang='lat' dir='ltr'><strong>et</strong></span> <span class='ocrx_word' id='word_1_334' title='bbox 1121 4122 1282 4186; x_wconf 90' lang='lat' dir='ltr'><strong>neminem</strong></span> <span class='ocrx_word' id='word_1_335' title='bbox 1299 4122 1413 4188; x_wconf 88' lang='lat' dir='ltr'><strong>habuit</strong></span> 
     </span>
    </p>
   </div>
   <div class='ocr_carea' id='block_1_3' title="bbox 0 0 1810 4852">
    <p class='ocr_par' dir='ltr' id='par_1_3' title="bbox 0 0 1810 4852">
     <span class='ocr_line' id='line_1_36' title="bbox 0 0 1810 4852; baseline 0 7"><span class='ocrx_word' id='word_1_336' title='bbox 0 0 1810 4852; x_wconf 95' lang='lat' dir='ltr'><strong> </strong></span> 
     </span>
    </p>
   </div>
  </div>
 </body>
</html>
