3650 4852
231 531 378 596 eaput]
610 530 658 576 ns
681 529 793 576 noers
817 529 1042 578 contumuit.
1377 513 1419 588 47

216 685 287 748 est?
311 681 348 746 Si
362 681 528 747 caritatem
539 679 674 760 babent,
688 682 777 748 unde
792 681 900 748 minus
915 704 986 749 esm
1001 681 1220 768 hospitantur,
1235 681 1291 768 qui
1301 681 1421 766 spolia-

215 795 283 850 tam
304 783 481 850 virtutibus
506 783 573 847 suis
598 805 670 848 eam
687 785 911 850 introducunt.
955 785 991 850 Si
1016 787 1182 851 caritatem
1198 807 1265 850 non
1286 784 1422 867 habent,

215 897 254 952 ut
277 887 416 967 videtur,
451 896 485 951 et
508 896 632 951 evenat
653 887 746 952 Deus
770 909 811 951 ne
836 889 889 967 sit,
919 888 1026 954 radice
1049 889 1208 953 virtutum
1238 899 1358 968 carent,
1387 897 1421 952 et

216 999 363 1056 arescent
400 990 584 1055 ramusculi.
622 989 659 1054 si
691 1010 770 1055 vero
801 990 924 1055 habent
950 1002 990 1056 ut
1023 991 1175 1057 videlicet
1204 991 1274 1055 sine
1308 991 1421 1076 benig·

216 1093 318 1159 nitate
345 1091 412 1158 sire
445 1093 603 1178 patientia
625 1091 797 1178 precipuis
823 1093 881 1156 alis
914 1094 982 1158 suis
1018 1104 1188 1179 penetrsre
1225 1095 1323 1158 coelos
1352 1117 1420 1160 non

216 1196 337 1282 poterit
364 1195 496 1281 proprio
526 1195 665 1280 depilato
695 1195 819 1272 decore,
851 1196 1004 1282 quodque
1033 1196 1174 1261 alienum
1201 1197 1317 1262 indicit
1344 1217 1421 1260 cum

216 1299 373 1364 dedecore
406 1299 529 1378 reddet,
554 1307 593 1362 ut
626 1298 810 1363 revelentur
842 1299 913 1383 ejus
946 1299 1109 1384 pudenda.
1153 1299 1289 1378 Dicunt,
1314 1303 1336 1337 “
1350 1300 1421 1364 Do—

218 1400 298 1466 mini
323 1409 375 1468 est
399 1411 494 1480 terra,
520 1421 581 1466 nos
611 1399 672 1466 soli
700 1400 759 1466 filii
784 1400 965 1480 altissimi*
991 1412 1025 1467 ct
1049 1412 1167 1487 proeter
1188 1424 1250 1467 nos
1279 1411 1421 1468 nonest

218 1505 273 1589 qui
299 1505 416 1590 dignus
443 1504 572 1568 niteam
597 1503 764 1589 possidere
774 1505 806 1583 ;'’
828 1525 895 1569 non
911 1504 1035 1585 dicunt,
1054 1511 1075 1543 “
1091 1506 1244 1586 Domine,
1259 1528 1326 1571 non
1347 1528 1418 1571 sum

220 1607 336 1692 dignus
351 1606 458 1671 vocari
483 1605 569 1670 filius
595 1612 705 1684 tuus‚†
720 1627 787 1671 non
810 1629 883 1670 sum
905 1606 1022 1692 dignus
1044 1618 1083 1673 ut
1104 1607 1205 1675 intres
1221 1610 1282 1674 sub
1297 1618 1420 1674 tectum

219 1709 369 1788 meum;''
402 1729 470 1772 non
496 1709 619 1784 dicunt,
650 1705 766 1772 “Non
796 1728 870 1773 sum
901 1709 1018 1794 dignus
1052 1711 1270 1796 procumbens
1296 1713 1420 1776 solvere

219 1834 246 1878 o
263 1813 343 1892 c.;”‡
368 1833 436 1876 non
450 1811 564 1874 dicunt
577 1811 666 1896 quod
679 1810 769 1895 digni
782 1810 886 1876 babiti
902 1822 981 1877 sunt
994 1835 1054 1898 pro
1076 1815 1208 1880 nomine
1223 1814 1328 1880 Jhesu
1343 1835 1422 1880 con-

218 1915 385 1979 tumeliam
401 1913 500 1999 petii
517 1913 576 1977 sed
589 1912 699 1977 omnia
713 1913 889 1998 possidere.
933 1914 1011 1978 Non
1028 1914 1142 1981 dicunt
1159 1917 1247 2002 quod
1269 1917 1336 1981 sint
1349 1917 1421 2001 qui·

218 2015 281 2081 bus
295 2016 413 2101 dignus
429 2037 493 2078 non
510 2023 562 2079 est
583 2015 736 2093 mundus,
753 2016 810 2079 sed
825 2015 880 2100 qui
895 2015 984 2100 digni
998 2028 1076 2083 sunt
1094 2019 1228 2083 mundo.
1273 2020 1309 2083 Si
1334 2019 1423 2103 paci·

219 2118 273 2184 fici
288 2129 376 2199 sunt,
390 2118 449 2182 filii
463 2118 527 2182 Dei
543 2127 620 2182 sunt
628 2143 638 2196 3
661 2117 825 2203 quomodo
840 2119 987 2202 pacifici?
1014 2141 1081 2183 non
1095 2120 1190 2184 rideo
1205 2120 1294 2205 quod
1308 2142 1372 2205 pax
1386 2122 1421 2184 in

219 2221 331 2306 rapine
355 2229 417 2286 est.
463 2219 498 2284 Si
523 2219 582 2283 filii
605 2221 668 2284 Dei
691 2229 780 2298 sunt,
806 2229 840 2284 et
853 2219 912 2284 filii
939 2230 1018 2285 sunt
1038 2243 1114 2306 ergo
1138 2221 1194 2302 dii,
1221 2225 1242 2258 ‘⁶
1259 2221 1345 2287 Quia
1360 2243 1420 2305 ego

222 2323 298 2404 dixi,
320 2324 365 2388 dii
386 2323 478 2403 estis,
500 2333 535 2389 et
556 2323 614 2386 filii
636 2323 756 2387 excelsi
775 2323 921 2386 omnes.’'
927 2325 939 2403 ΙΙ
988 2322 1086 2387 Certe
1102 2322 1360 2387 Christianorum
1376 2323 1421 2387 dii

222 2449 289 2492 non
305 2436 382 2491 sunt
396 2447 478 2511 quos
494 2425 661 2503 infestant,
677 2426 733 2489 sed
748 2424 918 2509 gentilium
934 2423 1064 2509 quinos
1080 2423 1140 2488 soli
1163 2446 1237 2488 cum
1252 2423 1298 2488 illi
1312 2445 1422 2509 perse·

222 2538 350 2608 cuntur,
372 2537 546 2613 postquam
562 2526 586 2591 J
587 2526 672 2590 udsei
686 2549 745 2612 per
758 2526 986 2613 impotentiam
1006 2535 1224 2590 cessaverunt.
1283 2526 1422 2591 Discant

221 2655 297 2718 ergo
308 2655 327 2696 a
338 2630 496 2717 propheta
510 2629 589 2715 quid
601 2629 677 2708 sint,
689 2630 743 2715 qui
760 2629 843 2710 citii
858 2632 880 2665 “
891 2629 1016 2694 Omnes
1031 2629 1077 2694 dii
1090 2629 1235 2713 gentium
1252 2628 1422 2709 daemonia,

222 2735 386 2800 Dominus
401 2743 509 2798 antem
535 2732 634 2796 coelos
659 2732 737 2797 fecit
747 2733 778 2812 ;'’
800 2733 835 2796 in
849 2731 942 2796 illum
958 2731 1120 2797 credimus
1139 2731 1194 2816 qui
1209 2731 1308 2795 coelos
1334 2730 1421 2810 fecit,

222 2837 377 2924 quianon
400 2845 450 2900 est
471 2835 552 2899 deus
566 2835 680 2898 volens
702 2833 917 2921 iniquitatem,
940 2856 1008 2898 non
1031 2843 1082 2899 est
1099 2834 1180 2898 deus
1203 2844 1316 2899 noster
1339 2835 1424 2900 sicut

222 2939 302 3004 deus
322 2960 453 3018 eorum3
475 2946 586 3003 noster
608 2938 688 3001 deus
704 2949 755 3002 est
769 2939 862 3003 Deus
877 2936 1053 3016 Abrabam,
1077 2938 1170 3002 Deus
1195 2937 1307 3016 Ysaac,
1330 2939 1422 3002 Deus

221 3039 336 3119 Jacob,
357 3048 391 3103 et
412 3061 478 3104 non
504 3049 556 3104 est
581 3039 661 3104 deus
685 3061 814 3114 recens;
855 3050 889 3104 at
914 3060 1028 3104 eorum
1053 3062 1158 3106 novus
1181 3051 1241 3106 est.
1301 3041 1424 3107 Noster

222 3143 310 3221 dicit,
332 3145 354 3179 ‘⁶
370 3143 437 3209 Qui
457 3163 524 3206 non
548 3143 712 3227 reliquerit
734 3143 844 3208 omnia
866 3151 1000 3227 propter
1025 3163 1089 3221 me,
1114 3165 1181 3208 non
1203 3153 1255 3208 est
1278 3165 1330 3208 me
1355 3145 1425 3230 dig·

221 3244 322 3325 nus;''
337 3244 417 3310 deus
429 3267 540 3310 eorum
554 3245 642 3324 dicit,
657 3245 739 3329 “qui
748 3267 815 3308 non
830 3243 1019 3329 adquisierit
1033 3245 1142 3309 omnis
1155 3255 1288 3330 propter
1300 3267 1345 3326 se,
1354 3269 1421 3310 non

222 3357 274 3413 est
284 3369 336 3413 me
347 3347 497 3434 dignus.’'
542 3347 665 3412 Noster
680 3347 769 3426 dicit,
776 3349 818 3395 **
834 3350 856 3384 “
861 3345 927 3412 Qui
939 3344 1038 3410 hebet
1052 3347 1133 3411 duas
1144 3345 1271 3411 tunicas
1286 3347 1342 3411 det
1355 3370 1423 3412 non

255 3609 270 3640 ⁰
288 3608 350 3656 Luc.
362 3607 396 3655 vi.
408 3609 451 3656 35.
838 3605 1079 3668 ibantgandcntesa
1094 3611 1230 3668 conspectu
1241 3604 1347 3664 concilii,
1359 3620 1421 3668 qno-

255 3692 272 3753 †
290 3687 353 3735 Luc.
365 3702 405 3735 xv.
420 3690 459 3745 15,
471 3689 513 3734 21.
838 3687 906 3735 niam
923 3686 991 3748 digni
1010 3687 1088 3736 babiti
1106 3691 1164 3736 sunt
1182 3700 1229 3749 pro
1247 3685 1347 3735 nomine
1359 3686 1422 3737 Jesn

256 3772 271 3827 1
289 3768 370 3816 Marc.
392 3767 410 3816 i.
429 3771 454 3820 7.
493 3765 572 3814 Venit
589 3764 676 3814 sortior
694 3761 732 3815 me
749 3770 807 3828 post
838 3767 1014 3815 contumeliam
1026 3769 1088 3830 pati.

222 3867 272 3908 mc,
295 3850 364 3913 cujus
384 3862 434 3896 non
456 3863 511 3897 sum
532 3847 621 3909 ἀίςιιιιι
644 3845 806 3910 procumbens
874 3851 885 3904 ΙΙ
904 3847 968 3896 Paul.
981 3849 1059 3898 lxxxi.
1070 3851 1096 3899 6.

223 3934 318 3983 solvere
329 3930 457 3993 corrigiam
469 3930 689 3978 miceamentorum
699 3928 762 3990 ejus.
870 3931 888 3990 {t
907 3929 971 3978 Pul.
983 3943 1037 3978 xcv.
1050 3933 1075 3978 5.

259 4015 347 4072 §Act
368 4014 458 4078 Apott.
477 4028 502 4063 r.
523 4015 565 4062 41.
600 4011 635 4062 Et
651 4011 688 4061 illi
706 4009 806 4076 quidem
873 4009 905 4046 ¹¹*
923 4009 986 4060 Luc.
998 4023 1033 4060 m
1047 4015 1084 4062 ll.
