3650 4852
376 506 417 560 42
808 511 997 558 anennual
1022 510 1143 555 MAPES
1398 510 1521 573 [Distinc.
1535 509 1557 560 l.

377 666 509 734 dolebat
544 665 690 746 audiens,
724 668 746 702 “
757 664 905 743 Unum,''
931 663 1047 748 inquit,
1078 662 1145 727 “in
1172 670 1283 725 monte
1310 662 1489 727 Pessuluno
1514 659 1582 725 vidi

380 770 467 856 quod
495 769 590 832 multi
619 767 819 832 mirabantur
843 766 1033 830 miraculum
1044 766 1076 844 3³⁹
1105 774 1139 829 et
1153 773 1285 848 rogatus
1311 773 1350 828 ut
1373 765 1504 844 diceret,
1526 764 1582 842 eit,

381 878 402 910 “
420 872 472 937 Illi
492 893 589 956 quem
610 871 726 934 merito
750 868 931 954 proedicatis
947 866 1116 953 magnifico
1132 866 1202 930 viro
1218 866 1435 932 daemoniacus
1450 867 1582 952 quidam

380 975 498 1060 ligatus
513 973 549 1037 in
564 981 677 1036 monte
693 968 871 1034 Pessulano
886 977 1101 1052 praesentatus
1122 978 1183 1048 est,
1198 977 1237 1032 ιιι
1252 977 1380 1034 sanaret
1393 991 1490 1048 eum3
1511 969 1582 1053 ipse

382 1098 480 1161 super
495 1075 619 1139 asinam
634 1095 785 1158 magnam
802 1071 919 1135 sedens
942 1070 1115 1156 imperavit
1135 1070 1295 1136 inmundo
1320 1071 1447 1157 spiritu,
1461 1070 1584 1155 populo

383 1179 440 1264 qui
454 1185 699 1261 supervenerat
718 1183 852 1240 tenente
867 1173 1044 1252 silentium,
1059 1182 1094 1237 et
1118 1173 1164 1236 ait
1185 1174 1328 1253 tandem,
1344 1173 1480 1238 ‘solvite
1493 1174 1585 1237 vinc-

382 1291 465 1361 tum,
490 1289 525 1344 et
544 1279 641 1346 sinite
664 1277 823 1343 liberum.’
874 1275 1105 1342 Daemoniacus
1120 1287 1240 1356 autem,
1255 1298 1330 1341 cum
1354 1298 1389 1340 se
1413 1275 1585 1340 dimissum

384 1381 497 1462 sensit,
511 1381 635 1468 lapides
660 1380 695 1444 in
718 1380 827 1464 ipsum
847 1378 999 1443 abbatem
1014 1400 1208 1464 quocunque
1222 1380 1332 1464 potuit
1345 1379 1445 1459 misit,
1459 1379 1585 1442 instan-

383 1492 434 1548 ter
447 1484 624 1568 fugientem
639 1501 836 1566 persequens
850 1502 909 1565 per
923 1480 1023 1560 vicos,
1039 1481 1142 1546 donec
1155 1482 1257 1562 licuit,
1273 1483 1370 1548 etiam
1381 1492 1415 1548 et
1429 1504 1448 1545 a
1462 1479 1586 1566 populo

384 1595 499 1671 captus
518 1586 553 1651 in
567 1586 676 1669 ipsum
696 1604 824 1668 semper
839 1582 951 1648 oculos
966 1582 1117 1664 habebat,
1132 1583 1207 1669 quia
1221 1607 1337 1648 manus
1359 1581 1586 1650 tenebantur.”

385 1687 563 1772 Displicuit
584 1696 693 1751 autem
713 1686 777 1750 hoc
798 1683 935 1751 verbum
959 1685 1190 1770 archipraesuli,
1205 1696 1240 1752 et
1260 1687 1306 1752 ait
1329 1686 1474 1752 Johanni
1496 1682 1588 1770 qussi

385 1789 597 1870 comminans,
634 1789 821 1854 “Haeccine
851 1797 929 1852 sunt
957 1788 1110 1852 miracula
1135 1798 1191 1853 tua
1207 1789 1249 1852 ?''
1293 1790 1378 1854 Tum
1406 1789 1588 1863 Johsunes,

385 1894 408 1926 “
419 1889 617 1954 Miraculum
640 1890 775 1974 dignum
802 1889 957 1954 memoria
980 1890 1132 1954 dicebant
1153 1892 1217 1955 hoc
1232 1891 1287 1977 qui
1312 1902 1391 1956 tunc
1414 1891 1588 1966 affuerunt,

386 1992 473 2076 quod
488 1991 640 2056 omnibus
656 1991 744 2055 mitis
764 2001 798 2055 et
811 1990 984 2056 benivolus
997 1991 1061 2056 fnit
1075 1993 1271 2076 arreptitius,
1286 2003 1320 2058 et
1333 1994 1511 2080 hypocritae
1527 1992 1589 2057 soli

385 2093 554 2173 molestus,
577 2105 612 2161 et
635 2087 741 2159 adhuc
756 2094 788 2158 id
805 2094 885 2158 mihi
900 2094 1165 2178 praesumptionis
1191 2095 1357 2180 castigatio
1372 2096 1466 2160 fuit.”
1510 2095 1588 2168 Duo,

386 2197 533 2261 similiter
547 2197 681 2264 abbates
697 2197 762 2262 albi
778 2199 818 2261 de
833 2197 989 2282 praedicto
1004 2197 1074 2261 viro
1087 2195 1353 2282 colloquebantur
1367 2199 1401 2262 in
1416 2197 1591 2283 praesentis

386 2298 546 2364 Gileberti
567 2299 685 2378 Foliot,
701 2299 942 2363 Londonieusis
957 2297 1113 2383 episcopi,
1133 2298 1365 2364 comendentes
1380 2322 1455 2364 eum
1470 2322 1511 2364 ex
1524 2299 1591 2364 vir·

385 2413 456 2466 tute
468 2402 715 2482 miraculorum3
732 2403 869 2468 evolutis
885 2411 994 2466 autem
1005 2401 1128 2481 multis,
1144 2401 1190 2465 ait
1200 2403 1291 2482 alter,
1306 2402 1418 2468 “Cum
1434 2425 1510 2468 vera
1524 2403 1592 2467 sint

387 2526 458 2589 quse
474 2506 514 2569 de
534 2505 701 2569 Barnerdo
717 2505 879 2582 dicuntur,
893 2503 961 2567 vidi
976 2512 1086 2567 tamen
1112 2504 1284 2588 aliquando
1307 2506 1396 2590 quod
1412 2505 1475 2590 ipsi
1489 2505 1591 2589 gratia

387 2605 615 2671 miraculorum
626 2606 748 2670 defuit:
763 2607 813 2670 vir
823 2605 954 2690 quidam
964 2605 1106 2669 marchio
1118 2603 1317 2688 Burgundise
1328 2607 1453 2692 rogavit
1467 2628 1542 2671 eum
1552 2616 1590 2671 ut

386 2708 512 2772 veniret
527 2718 561 2772 et
584 2715 712 2771 sanaret
725 2705 828 2769 filium
848 2707 938 2790 ejus3
968 2706 1117 2770 venimus
1141 2719 1174 2770 et
1198 2707 1382 2773 invenimus
1407 2718 1591 2789 mortuum,

384 2809 485 2894 jussit
499 2807 597 2892 igitur
609 2828 726 2892 corpus
741 2805 860 2870 deferri
875 2807 1038 2890 dompnus
1053 2807 1239 2873 Barnardus
1248 2810 1283 2873 in
1295 2811 1474 2875 thalamum
1489 2831 1592 2876 secre-

388 2920 471 2988 tum,
487 2918 521 2974 et
535 2908 647 2993 ejectis
663 2905 815 2972 omnibus
838 2905 988 2970 incubuit
1012 2929 1111 2993 super
1135 2932 1284 2996 puemm,
1300 2923 1334 2978 et
1348 2915 1493 2979 oratione
1508 2915 1592 2979 facta

391 3012 549 3092 surrexit3
586 3032 668 3096 puer
700 3019 809 3074 autem
850 3031 918 3074 non
949 3011 1098 3090 surrexit,
1132 3012 1261 3096 jacebat
1294 3016 1382 3080 enim
1410 3019 1593 3083 mortuus.’'

389 3117 476 3180 Tum
499 3136 570 3200 ego,
594 3112 865 3178 “Monachorum
887 3112 1128 3178 infelicissimus
1143 3116 1196 3181 hic
1211 3117 1292 3198 fuit3
1315 3140 1481 3205 nunquam
1505 3121 1593 3186 enim

391 3217 500 3283 audivi
522 3217 610 3303 quod
634 3216 749 3301 aliquis
773 3217 952 3280 monachus
981 3238 1080 3301 super
1104 3239 1242 3302 puerum
1271 3221 1484 3302 incubuisset,
1514 3223 1592 3310 quin

393 3321 503 3386 statim
528 3330 605 3405 post
634 3319 742 3404 ipsum
767 3317 959 3383 surrexisset
981 3321 1093 3403 puer.’'
1138 3320 1280 3387 Erubuit
1301 3324 1411 3405 abbas,
1427 3335 1460 3390 et
1475 3328 1595 3411 egressi

393 3433 472 3488 sunt
486 3433 523 3488 ut
538 3423 679 3486 riderent
693 3421 834 3507 plurimi.
879 3420 1084 3486 Publicatum
1100 3433 1150 3488 cst
1163 3434 1272 3490 autem
1288 3426 1377 3511 quod
1390 3427 1495 3493 eidem
1510 3451 1593 3513 prce·

394 3526 481 3592 dioto
497 3525 674 3604 Bernardo,
698 3533 775 3608 post
797 3524 885 3588 hunc
908 3523 1019 3608 gratiae
1034 3524 1208 3606 delectum,
1231 3529 1402 3614 contigerit
1421 3531 1594 3613 secundus,

394 3638 429 3695 et
442 3630 561 3694 famam
587 3628 658 3713 ejus
684 3649 751 3692 non
775 3627 969 3691 secundans.
1013 3625 1165 3691 Valterus
1192 3651 1300 3696 comes
1316 3631 1537 3698 Nemeriensis
1556 3637 1595 3716 in

397 3731 546 3797 Certusia
560 3730 710 3808 decessit,
724 3730 833 3815 ibique
849 3730 996 3814 sepultus
1007 3738 1067 3793 est.
1113 3729 1308 3799 Convolavit
1321 3735 1419 3818 igitur
1433 3737 1596 3822 dompnus

398 3835 583 3898 Barnardus
598 3833 639 3896 ad
651 3833 814 3918 sepultum
830 3831 920 3911 illud,
936 3841 1058 3897 etcum
1073 3833 1254 3901 diutissime
1269 3847 1451 3922 prostratus
1463 3850 1598 3921 orasset,

399 3937 503 4000 oravit
512 3957 587 3999 eum
596 3935 684 4018 prior
693 3943 731 3997 ut
742 3934 924 4017 pranderet,
933 3943 1002 3998 erat
1013 3936 1195 4003 enimhora.
1219 3939 1283 4004 Cui
1292 3940 1599 4021 Barnardus,“Non

399 4036 548 4102 recedam
562 4035 649 4114 hinc,
673 4036 777 4100 donec
792 4035 872 4106 mihi
891 4037 1040 4123 loquatur
1054 4039 1152 4106 frater
1167 4040 1358 4125 Gulterus;”
1384 4054 1418 4109 et
1440 4045 1599 4112 exclame-
