3610 4852
370 492 434 550 240
796 503 985 549 ausuram
1010 502 1131 546 uanas
1394 501 1514 564 [uanas.
1527 503 1558 550 v.

369 675 487 760 cupido
503 674 591 740 cordi
606 673 751 738 vultures
767 685 986 758 apponuntur,
1001 673 1035 736 id
1051 682 1102 738 est
1116 671 1250 736 affectus
1273 669 1366 755 nigri,
1381 671 1571 736 divellentes

368 778 488 863 ipsum,
514 777 588 862 quia
614 798 681 840 non
706 777 851 857 luctavit,
874 776 1033 862 appetitui
1054 796 1154 860 pravo
1175 795 1242 838 non
1265 774 1403 854 restitit3
1433 775 1572 840 sednon

367 881 485 966 Tityus
501 879 555 965 qui
569 879 695 944 Junoni
710 879 876 943 dissolutae
892 879 1011 943 mentis
1030 900 1097 942 non
1119 877 1235 942 celavit
1250 878 1426 962 angustias,
1441 878 1571 963 cogitat,

368 984 521 1068 loquitur,
547 981 613 1066 agit
637 990 750 1046 contra
773 980 898 1046 bonum
921 981 1012 1045 illum
1040 982 1094 1067 qui
1120 1003 1179 1045 nec
1206 980 1296 1059 abiit,
1311 1002 1373 1046 nec
1394 982 1495 1060 stetit,
1510 1003 1571 1046 nec

369 1085 464 1150 sedit.
508 1085 598 1149 Filia
615 1084 686 1149 Beli
709 1086 914 1149 contendunt
938 1083 984 1148 ibi
1006 1084 1118 1149 cribris
1142 1083 1276 1168 implere
1290 1106 1368 1148 vasa
1383 1085 1485 1148 forata
1500 1084 1570 1148 sine

368 1190 489 1268 fundis,
520 1188 610 1254 omni
638 1188 756 1272 liquori
782 1187 902 1273 pervia,
933 1187 1113 1272 Letheique
1142 1187 1246 1251 laticis
1268 1187 1404 1251 haustus
1427 1189 1570 1272 perdunt

368 1293 526 1358 assiduos.
555 1291 641 1356 Bais
649 1291 751 1356 virilis
766 1292 819 1355 val
833 1290 998 1355 virtuosus
1009 1290 1258 1376 interpretatum
1281 1291 1334 1354 hio
1349 1290 1445 1355 Pater
1459 1301 1571 1355 noster

368 1399 461 1462 Deus
476 1405 537 1475 est,
552 1418 612 1460 nos
636 1396 707 1481 ejus
732 1416 810 1459 vero
833 1393 902 1473 filii,
929 1395 1004 1479 quia
1027 1416 1093 1458 non
1108 1394 1256 1470 virtuosi,
1271 1416 1338 1458 non
1360 1394 1496 1474 robusti,
1512 1395 1570 1458 sed

368 1499 453 1579 filice,
477 1522 553 1563 nam
577 1498 611 1561 in
637 1496 863 1581 impotentiam
888 1496 1075 1575 effeminati,
1099 1495 1269 1582 cribroque
1298 1519 1316 1560 a
1342 1496 1443 1581 paleis
1472 1521 1571 1582 grana

368 1603 516 1681 secernit,
542 1602 574 1665 id
597 1610 657 1680 est,
673 1601 878 1664 discretione.
923 1601 1010 1664 Vasa
1033 1600 1195 1684 complere
1218 1610 1351 1686 pertusa
1375 1600 1570 1682 laboramus,

367 1706 401 1769 id
425 1713 485 1783 est,
501 1705 626 1768 animos
651 1702 862 1782 insatiabiles,
886 1725 1023 1788 quorum
1047 1703 1240 1769 adulteravit
1263 1704 1397 1768 ambitio
1421 1705 1570 1783 fundum,

368 1807 424 1891 qui
439 1805 573 1871 sorbent
587 1806 675 1890 quod
689 1805 871 1869 infunditur
884 1805 988 1869 instar
1003 1803 1196 1890 Charybdis,
1214 1816 1249 1869 et
1264 1804 1333 1870 sine
1358 1806 1571 1890 plenitudinis

367 1909 555 1995 apparentia
569 1929 636 1971 non
651 1917 781 1971 cessant
794 1907 931 1970 haustus
946 1905 1080 1992 perdere
1094 1928 1207 1972 vanos.
1252 1905 1404 1971 Cribrum
1424 1909 1487 1973 hoc
1502 1931 1570 1974 non

368 2012 454 2076 colat
467 2034 487 2074 a
500 2011 622 2096 liquido
638 2009 817 2088 turbidum,
833 2032 852 2072 a
868 2031 981 2074 sereno
998 2009 1152 2094 spissum,
1176 2031 1251 2074 cum
1275 2010 1316 2074 ad
1341 2011 1405 2075 hoc
1427 2022 1569 2076 creatum

369 2116 423 2194 sit,
434 2138 495 2180 nec
509 2115 627 2179 retinet
636 2135 751 2199 aquam
762 2112 862 2176 fontis
872 2114 905 2176 in
917 2114 1017 2176 vitam
1028 2122 1183 2177 aeternam
1193 2113 1338 2178 salientis
1350 2141 1359 2194 ;
1376 2137 1443 2178 non
1453 2137 1569 2200 aquam

367 2241 464 2304 quam
480 2218 534 2304 qui
550 2217 668 2282 biberit
682 2239 750 2280 non
775 2216 863 2280 sitiet
887 2216 1017 2294 iterum,
1041 2215 1100 2279 sed
1119 2238 1235 2300 aquam
1253 2218 1378 2296 Lethis,
1393 2219 1486 2303 cujus
1502 2241 1569 2284 non

367 2321 517 2386 meminit
547 2320 679 2399 bibitor,
712 2341 784 2404 quas
817 2328 929 2404 guttur
958 2319 1107 2397 infatuat,
1132 2341 1204 2404 quae
1242 2320 1331 2384 sitire
1358 2321 1414 2385 dat
1442 2321 1570 2402 iterum,

368 2446 440 2509 quae
461 2423 573 2487 furtim
599 2422 640 2486 ad
664 2421 804 2484 animam
826 2420 1015 2504 ingreditur,
1038 2442 1111 2505 quoe
1126 2443 1199 2485 cum
1216 2444 1254 2487 ea
1269 2423 1474 2508 congreditur
1489 2435 1521 2489 at
1536 2424 1567 2488 in

367 2528 481 2592 limum
500 2529 619 2590 intrare
638 2524 778 2611 impellit
802 2524 1011 2608 prolundum.
1069 2524 1230 2589 Cerberus
1255 2525 1301 2590 ibi
1327 2527 1415 2592 canis
1441 2527 1571 2612 triceps,

363 2630 485 2714 janitor
499 2630 561 2693 iste
577 2650 658 2714 quos
673 2629 708 2692 in
723 2627 812 2692 omni
829 2625 958 2691 silentio
973 2626 1061 2690 mitis
1076 2626 1203 2691 inducit
1217 2629 1305 2694 exire
1313 2631 1471 2710 volentes,
1487 2632 1572 2696 trina

367 2753 448 2796 voce
463 2730 614 2795 terribilis
630 2728 744 2814 arguit.
789 2727 812 2792 J
814 2728 919 2791 anitor
929 2728 983 2792 ille
994 2728 1082 2792 Ditis
1094 2730 1200 2792 aulam
1216 2732 1311 2795 avido
1322 2732 1405 2797 ditat
1413 2733 1571 2816 ingressu,

366 2856 495 2899 recessu
509 2855 576 2897 non
590 2841 717 2910 vacuat,
732 2831 850 2896 retinet
864 2854 931 2895 non
946 2832 1095 2896 effundit.
1138 2832 1248 2898 Habet
1264 2836 1459 2900 etiam-Dis·
1472 2836 1570 2920 hujus

367 2937 463 3002 curiae
479 2957 560 3020 quos
575 2935 674 2999 tradit
687 2957 759 2998 reos
775 2935 903 3012 carceri,
919 2935 973 3018 qui
990 2935 1082 3019 quasi
1100 2936 1334 3020 compatientes
1350 2939 1397 3002 eis
1421 2939 1570 3002 simulata

367 3036 521 3103 conducit
534 3036 568 3099 in
591 3037 729 3099 foveam.
774 3035 858 3098 Cum
886 3045 995 3098 autem
1018 3058 1059 3100 ex
1085 3035 1284 3120 benignitate
1310 3039 1464 3124 principis
1485 3041 1570 3104 exire

366 3142 453 3220 licet,
464 3140 557 3204 trinis
569 3138 732 3204 oblatrant
743 3137 936 3202 avidissimis
946 3139 1123 3204 terroribus
1132 3141 1299 3224 petitione,
1308 3139 1485 3227 cupiditate
1496 3143 1570 3223 cibi,

365 3253 475 3331 potus,
491 3252 524 3306 et
537 3241 649 3320 vestis,
664 3240 834 3325 nudosque
849 3261 909 3325 pro
925 3240 1106 3326 direptione
1122 3244 1269 3308 omnium
1285 3267 1357 3329 quas
1371 3267 1439 3310 non
1449 3246 1571 3313 habent

365 3347 554 3433 promittere
577 3353 709 3429 cogunt,
734 3365 810 3408 vere
830 3344 962 3428 quidem
988 3341 1151 3424 Cerberei,
1176 3347 1251 3431 quia
1277 3369 1389 3412 carnes
1408 3349 1573 3434 compedi-

366 3457 474 3513 torum
490 3457 653 3527 vorantes,
668 3457 702 3511 et
714 3455 801 3511 recte
810 3467 905 3510 canes
918 3445 974 3530 qui
989 3457 1111 3510 norunt
1120 3469 1161 3511 ex
1173 3447 1300 3513 afflictis
1315 3450 1424 3514 hiatus
1436 3451 1571 3536 implere

366 3551 519 3636 triplices.
543 3551 589 3614 Hi
604 3551 723 3614 famem
733 3549 913 3635 patiuntur,
926 3559 964 3612 ut
978 3571 1073 3613 canes
1089 3570 1156 3613 non
1169 3550 1357 3616 discernunt
1371 3555 1465 3638 cujus
1480 3554 1570 3620 cibos

364 3654 502 3740 rapiant,
516 3676 577 3718 nec
600 3653 687 3717 inter
710 3673 822 3716 carnes
849 3659 884 3716 et
908 3651 1063 3716 cadavera
1088 3653 1230 3716 recentia
1245 3675 1263 3716 a
1279 3654 1344 3718 situ
1362 3657 1508 3721 foetorem
1529 3657 1570 3722 ab

365 3759 465 3822 odore
479 3766 630 3842 separant
645 3756 724 3841 quid
738 3755 833 3818 liceat
847 3754 1056 3840 negligentes.
1103 3755 1144 3819 In
1155 3756 1329 3842 fuliginoso
1342 3757 1430 3823 Ditis
1442 3760 1570 3826 obscuri

364 3860 484 3945 palatio
501 3859 625 3937 Minos,
641 3855 921 3934 Rhadamanthus,
936 3857 1101 3920 etAEacus
1111 3869 1230 3922 sortem
1244 3859 1381 3924 mittunt
1394 3861 1430 3924 in
1444 3884 1571 3944 umam,

360 3962 550 4047 judicesque
576 3970 723 4047 praesunt
737 3981 905 4025 censuram
934 3959 1070 4039 miseris,
1087 3962 1171 4025 mala
1192 3962 1302 4026 statim
1318 3973 1469 4049 pensant,
1484 3965 1570 4032 bona

364 4065 529 4140 differunt,
543 4073 600 4126 aut
614 4085 698 4130 vana
714 4061 848 4135 faciunt,
866 4060 894 4125 si
921 4081 991 4126 sors
1019 4083 1105 4125 sreva
1130 4064 1292 4138 ceciderit,
1307 4067 1571 4134 animadvertunt
