3650 4852
267 540 411 606 capua]
633 537 678 583 os
703 537 813 584 soors
837 535 1063 583 cuaismuu.
1411 523 1453 581 45

253 701 361 790 egredi
387 700 485 781 licet3
507 699 572 766 albi
587 723 662 767 cum
677 703 718 770 ad
733 707 833 791 pedes
849 707 994 784 sedeant,
1016 705 1058 770 ad
1072 703 1217 770 laborem
1236 713 1369 780 exeunt,
1383 727 1456 770 ma-

253 805 351 871 nibus
374 805 601 891 agriculturam
626 808 849 874 omnimodam
875 818 1061 874 exercentes
1084 808 1223 894 propriis
1252 809 1338 874 intra
1353 819 1456 895 septa,

256 908 410 974 mecaniei
425 917 526 987 extra,
540 919 738 990 runcatores,
754 911 924 997 opiliones,
940 911 1166 996 negotiatores,
1181 911 1215 974 in
1236 911 1371 997 singulis
1386 913 1457 978 offi-

258 1009 447 1089 ciosissimi3
472 1008 650 1076 bubulcum
665 1035 731 1079 non
747 1014 869 1081 habent
883 1015 936 1079 vel
951 1012 1133 1088 subulcum,
1144 1013 1207 1076 nisi
1223 1034 1263 1077 ex
1279 1035 1325 1094 se,
1340 1035 1400 1079 nec
1415 1015 1456 1080 ad

258 1112 409 1176 minimas
418 1121 452 1178 et
462 1111 543 1177 viles
553 1115 718 1180 custodias
726 1117 779 1182 vel
788 1116 1100 1202 operafeminarum,
1109 1123 1146 1178 ut
1154 1113 1246 1178 lactis
1259 1125 1292 1178 et
1303 1115 1458 1181 similium

259 1214 444 1300 quempiam
464 1225 598 1300 propter
620 1237 794 1284 conversos
820 1240 897 1284 suos
921 1217 1119 1296 admittunt3
1149 1217 1192 1280 ad
1215 1238 1329 1282 omnes
1344 1239 1458 1304 operas

259 1317 368 1383 omnia
382 1326 471 1396 sunt,
485 1317 573 1383 unde
587 1319 721 1404 impleta
735 1332 786 1387 est
807 1331 891 1387 terra
913 1321 1119 1406 possessione
1143 1341 1211 1400 sua,
1226 1342 1366 1407 eumque
1391 1345 1458 1387 non

260 1420 399 1485 debeant
422 1442 463 1485 ex
488 1420 652 1504 evangelio
667 1424 807 1508 cogitare
833 1425 873 1488 de
895 1423 1047 1500 crastino,
1062 1430 1185 1486 tantam
1212 1421 1334 1488 habent
1359 1446 1459 1510 opum

260 1523 467 1588 residentiam
483 1543 524 1586 ex
539 1521 755 1590 sollicitudine
770 1535 808 1590 ut
823 1547 897 1590 cum
913 1526 986 1590 Noe
1002 1523 1130 1609 possint
1144 1523 1273 1588 archam
1288 1527 1461 1592 ascendere

261 1627 375 1707 securi,
399 1625 450 1691 cui
476 1625 556 1688 nihil
583 1625 652 1711 spei
679 1627 827 1692 relietum
853 1637 905 1692 est
929 1634 1029 1692 erma.
1073 1625 1128 1690 Ad
1151 1648 1255 1691 unum
1282 1649 1316 1692 se
1339 1629 1462 1694 habent

263 1727 469 1813 principium,
499 1726 622 1791 scilicet
650 1728 800 1794 abbatem
827 1729 1087 1808 cisterciensem,
1115 1729 1208 1814 cujus
1237 1741 1382 1816 potestas
1412 1744 1464 1798 est

264 1839 388 1894 mutare
403 1851 463 1915 pro
478 1839 556 1894 voto
571 1831 733 1914 quaelibet.
778 1831 880 1896 Cibos
893 1830 1011 1917 quibus
1021 1831 1085 1916 ipsi
1097 1830 1263 1895 abstinent
1277 1833 1462 1919 hospitibus

264 1955 331 1998 non
354 1940 535 2018 apponunt,
555 1931 612 1996 sed
638 1955 698 1999 nec
722 1935 808 1999 intra
834 1944 927 2020 septa
948 1933 1118 2019 patiuntur
1139 1931 1250 1998 inferri
1280 1936 1367 2020 quod
1396 1959 1463 2001 non

266 2035 364 2114 dant3
388 2034 516 2119 signum
541 2044 593 2099 est
623 2037 710 2122 quod
733 2037 899 2102 abstinent
922 2047 960 2102 ut
982 2035 1161 2116 abundent,
1176 2058 1251 2100 cum
1267 2039 1309 2102 sit
1323 2039 1464 2104 avaritiae

266 2158 382 2202 manus
396 2136 495 2200 altera
515 2137 681 2202 tenacitas.
728 2137 835 2204 Boves
850 2148 884 2204 et
898 2147 1039 2202 aratrum
1054 2138 1259 2202 commodata
1273 2141 1465 2225 suscipiunt,

267 2237 472 2304 commodare
487 2257 546 2300 sua
560 2260 627 2302 non
642 2248 792 2324 possunt.
831 2240 972 2304 Causam
988 2261 1080 2303 suam
1096 2238 1261 2303 meliorem
1275 2239 1379 2302 iacere
1389 2239 1466 2303 licet

268 2340 471 2418 deteriorem,
485 2339 669 2405 nullatenus
680 2341 796 2427 pupilli
808 2351 895 2421 sunt,
906 2339 1125 2426 superioribus
1137 2338 1331 2424 supplicant,
1341 2339 1466 2403 vicinos

267 2443 452 2520 molestant,
480 2441 688 2526 proscribunt
714 2451 893 2528 superatos,
921 2441 1073 2527 quicquid
1098 2441 1271 2504 utilitatem
1297 2451 1468 2525 promovet

270 2544 331 2608 sub
343 2543 449 2628 aliqua
458 2543 565 2628 specie
576 2547 734 2610 virtutum
743 2545 911 2608 assistunt.
957 2543 992 2608 Si
1007 2543 1047 2608 de
1063 2543 1198 2627 singulis
1208 2565 1331 2629 quaeras
1346 2543 1469 2628 impos-

269 2651 361 2730 turis,
376 2651 458 2716 ratio
480 2661 546 2715 tam
570 2645 780 2733 probabiliter
805 2653 927 2730 praesto
950 2654 1012 2724 est,
1027 2653 1065 2708 ut
1085 2666 1216 2729 arguere
1236 2645 1341 2730 possit
1354 2645 1468 2710 videns

271 2754 471 2840 evangelium
487 2753 569 2818 salsi.
616 2749 682 2817 Qui
705 2748 954 2813 misericorditer
969 2769 1025 2812 eos
1041 2747 1075 2810 in
1089 2757 1214 2832 partem
1229 2748 1295 2833 agri
1310 2747 1361 2812 sui
1375 2770 1471 2813 voea-

269 2859 362 2938 verit‚
388 2857 516 2923 videtur
545 2875 658 2921 eorum
687 2852 866 2937 proximus,
895 2860 930 2915 at
952 2851 1134 2936 expellitur.
1157 2850 1266 2915 “Non
1294 2850 1390 2915 iacias
1417 2849 1472 2914 alii

272 2962 360 3048 quod
374 2961 432 3025 tibi
448 2982 513 3025 non
526 2958 576 3024 vis
591 2955 661 3021 fieri
670 2956 700 3035 ;''
714 2955 778 3019 hoc
789 2976 855 3018 non
871 2954 999 3034 timent,
1014 2964 1048 3019 et
1062 2954 1164 3019 multa
1176 2953 1210 3017 in
1225 2952 1313 3017 hunc
1328 2952 1473 3018 modum.

274 3065 455 3130 Solationes
470 3062 593 3127 habent
608 3057 750 3142 singulas
766 3055 807 3120 ad
822 3055 958 3141 singula,
974 3077 1053 3140 quas
1068 3056 1132 3141 ipsi
1147 3055 1254 3120 sciunt
1262 3079 1272 3134 3
1287 3075 1352 3117 una
1362 3063 1472 3118 tamen

273 3177 323 3233 est
345 3165 535 3230 universalis
561 3163 602 3227 ad
626 3159 745 3238 omnia,
760 3158 801 3222 ad
826 3158 1060 3243 expediendam
1085 3158 1153 3221 vim
1177 3156 1230 3220 vel
1252 3155 1397 3240 rapinam
1420 3157 1474 3221 vel

275 3271 427 3358 quicquid
452 3269 547 3333 affert
571 3265 740 3351 cupiditas,
766 3264 868 3343 aiunt,
898 3261 1113 3348 “spoliamus
1129 3258 1314 3343 AEgyptios,
1329 3259 1474 3323 dicamus

277 3372 469 3451 Hebraeos,''
484 3381 638 3454 tanquam
653 3367 717 3452 ipsi
732 3365 792 3430 soli
808 3365 874 3429 sint
888 3385 970 3449 quos
986 3364 1102 3428 educat
1117 3385 1136 3426 a
1149 3358 1291 3424 tenebris
1300 3361 1474 3426 Dominus.

275 3476 381 3540 Breve
405 3471 503 3536 nimis
525 3471 648 3534 faciunt
662 3488 798 3552 regnum
812 3464 887 3539 Dei,
904 3464 932 3527 si
946 3471 1081 3547 propter
1094 3463 1184 3546 ipsos
1200 3482 1313 3524 omnes
1329 3461 1475 3524 delirant.

277 3579 313 3643 Si
327 3595 466 3660 quorum
489 3593 558 3635 non
583 3569 801 3634 meminerunt
826 3567 1005 3650 prophetae,
1019 3585 1079 3627 nec
1100 3561 1264 3627 Dominus
1279 3559 1402 3625 Jhesus
1417 3583 1478 3626 nec

278 3675 429 3764 apostoli,
443 3674 530 3738 viam
543 3671 738 3734 invenerunt
752 3667 792 3730 ab
807 3665 888 3750 ipsis
901 3665 1068 3742 intactam,
1086 3672 1143 3727 aut
1157 3681 1229 3725 eam
1252 3659 1347 3724 nobis
1361 3659 1480 3731 invidit

278 3783 372 3847 Deus
396 3785 453 3841 aut
466 3771 614 3849 nescivit,
635 3777 692 3834 aut
705 3753 776 3854 ipsa
790 3788 888 3851 prava
902 3774 1021 3829 actum.
1067 3761 1386 3846 Pseudo-prophetas
1402 3761 1481 3828 dicit

279 3879 476 3948 Dominus*
491 3873 663 3952 cavendos,
677 3872 732 3956 qui
747 3869 882 3935 veniunt
896 3867 931 3932 in
945 3865 1149 3931 vestimentis
1165 3863 1284 3944 ovium,
1298 3873 1338 3928 ut
1359 3864 1406 3930 hii
1430 3865 1481 3930 in·

768 4083 783 4113 θ
801 4079 1002 4129 Marruvium.
