3610 4852
241 505 371 570 osam]
607 507 655 550 ns
680 507 790 552 suess
814 507 1039 553 curramus.
1367 495 1429 552 239

225 695 322 760 quem
348 673 505 738 advocare
528 673 690 754 videntur,
705 674 760 759 qui
790 675 939 740 dolorum
965 676 1114 741 incentor
1135 685 1186 739 est
1211 685 1245 739 et
1269 676 1430 741 idolorum

225 777 259 840 in
275 775 343 842 suis
358 775 466 855 faber3
489 776 651 851 Acheron,
668 777 800 842 tristitia
815 777 937 842 scilicet
951 778 1004 842 rel
1028 799 1069 841 ex
1090 776 1185 842 factis
1201 777 1253 841 vel
1268 799 1309 842 ex
1335 779 1431 844 dictis

225 879 427 966 poenitentia,
442 879 495 944 rel
509 901 549 944 ex
564 881 681 965 cupitis
697 890 730 944 et
744 903 812 945 non
826 881 1002 960 assecutis;
1025 880 1220 965 flagitiorum
1235 892 1293 945 aut
1307 881 1431 966 flagella

225 1005 433 1068 poenammve
447 983 615 1067 passiones
627 983 680 1048 hic
695 983 858 1068 assignare
873 1005 1050 1070 possumus
1072 983 1163 1048 silas
1182 996 1242 1049 est.
1288 984 1431 1064 Charon,

219 1085 345 1151 'inferni
360 1086 508 1170 portitor,
523 1085 687 1150 neminem
702 1086 736 1150 in
751 1085 868 1171 cymba
882 1086 1064 1150 transvehit
1087 1087 1150 1150 nisi
1177 1087 1232 1172 qui
1257 1087 1374 1172 stipem
1390 1088 1431 1152 ab

227 1209 282 1255 ore
297 1189 442 1274 porrigit,
466 1187 507 1252 ab
534 1209 589 1252 ore
604 1188 732 1266 dicitur,
748 1209 815 1252 non
840 1211 860 1252 a
885 1211 995 1267 manu,
1018 1189 1093 1274 quia
1118 1199 1229 1253 noster
1251 1191 1390 1274 portitor
1406 1191 1433 1254 si

226 1292 412 1378 promiseris
427 1290 629 1376 obsequitur,
644 1291 672 1354 si
687 1290 813 1354 dederis
841 1301 873 1355 te
900 1313 967 1354 non
994 1300 1168 1376 cognoscet
1181 1292 1332 1376 amplius.
1377 1293 1431 1358 Sic

226 1395 420 1480 frequenter.
435 1403 469 1457 et
493 1394 527 1457 in
549 1393 621 1457 aliis
644 1393 679 1456 in
705 1393 793 1458 curia
818 1393 1011 1479 praejudicat
1029 1392 1144 1458 umbra
1166 1397 1303 1480 corpori,
1319 1394 1432 1460 dubie·

227 1505 277 1560 tas
297 1496 494 1574 certitudini,
520 1496 642 1560 dationi
668 1495 851 1581 promissio.
894 1495 1052 1559 Tantalus
1082 1494 1127 1558 ibi
1156 1496 1280 1559 luditur
1308 1517 1327 1559 a
1356 1499 1431 1582 luga

227 1599 391 1680 fluminis3
414 1621 475 1664 nos
489 1599 543 1664 hic
558 1599 644 1664 bona
659 1621 731 1683 quas
746 1599 933 1662 summitate
949 1598 1124 1683 digitorum
1140 1599 1302 1683 tangimus
1322 1603 1432 1686 refuga

226 1703 352 1781 fallunt,
368 1711 402 1766 et
416 1702 507 1787 quasi
518 1702 586 1786 jam
598 1699 732 1765 obtenta
747 1699 890 1785 disparet
903 1701 1037 1765 utilitas.
1081 1701 1242 1788 Sisyphus
1257 1701 1303 1766 ibi
1318 1725 1431 1767 saxum

227 1804 267 1869 ab
282 1805 349 1868 imo
364 1804 457 1868 vallis
471 1803 513 1868 ad
528 1801 649 1866 montis
665 1810 817 1887 apportat
827 1801 964 1887 apicem,
979 1802 1120 1886 indeque
1129 1803 1315 1867 revolutum
1327 1805 1432 1888 sequi-

227 1915 280 1970 tur
294 1915 333 1970 ut
345 1905 548 1990 relapsurum
571 1906 724 1983 revehat;
747 1914 825 1968 sunt
835 1914 869 1969 et
882 1905 935 1970 hic
951 1905 1006 1989 qui
1021 1905 1206 1970 divitiarum
1228 1907 1432 1971 altitudinem

226 2009 347 2095 adepti,
371 2009 452 2073 nihil
475 2017 583 2072 actum
612 2016 741 2092 putant,
771 2017 805 2072 et
827 2008 989 2092 relapsum
1017 2031 1074 2073 cor
1099 2010 1135 2072 in
1158 2009 1276 2074 vallem
1290 2009 1431 2074 avaritiae

228 2122 416 2198 sequuntur,
442 2121 482 2175 ut
505 2111 585 2174 illud
611 2111 645 2175 in
669 2120 815 2176 montem
831 2111 1017 2175 ulteriorem
1032 2121 1195 2190 revocent,
1216 2134 1280 2198 quo
1301 2113 1430 2198 quidem

227 2216 403 2282 consistere
419 2238 486 2280 non
501 2215 605 2292 datur,
621 2214 695 2299 quia
711 2236 768 2299 spe
783 2213 968 2298 cupitorum
984 2237 1113 2299 semper
1127 2216 1246 2300 adepta
1261 2216 1431 2282 vilescunt.

229 2318 294 2383 Cor
309 2327 418 2382 autem
432 2316 513 2381 illud
539 2337 616 2379 saxo
632 2326 846 2401 comparatur,
862 2315 937 2399 quia
952 2315 1114 2380 Dominus
1129 2316 1185 2395 ait,
1200 2318 1354 2381 Auferam
1377 2339 1433 2382 oor

227 2421 391 2506 lapideum
406 2430 440 2484 et
453 2417 537 2483 dabo
553 2421 740 2482 carneum*
785 2419 853 2481 Det
868 2418 971 2496 Deus,
997 2427 1032 2482 et
1055 2417 1101 2483 sic
1127 2419 1223 2484 faciat
1248 2420 1432 2500 curialibus,

228 2525 312 2588 utin
328 2523 434 2609 aliquo
450 2522 612 2587 montium
626 2543 761 2608 pausare
775 2521 916 2606 possint.
974 2521 1068 2585 Ixion
1083 2521 1129 2586 ibi
1144 2523 1287 2586 volvitur
1301 2524 1335 2586 in
1350 2533 1431 2604 rota,

229 2627 290 2692 sibi
313 2648 398 2710 saepe
423 2625 598 2704 dissimilis,
614 2645 712 2709 super
726 2623 848 2702 subter,
862 2623 939 2689 hinc
954 2632 988 2687 et
1001 2623 1109 2704 illinc;
1132 2624 1288 2689 habemus
1314 2636 1347 2690 et
1370 2649 1432 2692 nos

229 2731 372 2807 Ixiones,
394 2750 476 2813 quos
510 2737 596 2792 sorte
630 2748 690 2791 sua
719 2725 872 2791 volubilis
895 2727 1026 2790 fortuna
1048 2736 1187 2812 torquet.
1238 2729 1432 2795 Ascendunt

227 2832 269 2896 ad
294 2832 439 2917 gloriam,
461 2842 561 2895 ruunt
583 2831 618 2894 in
644 2828 908 2906 misericordiam,
935 2836 1130 2913 sperantquc
1145 2829 1273 2914 dejecti,
1290 2833 1432 2916 supremi

227 2934 379 3018 gaudent,
401 2931 505 2996 infimi
519 2932 650 3016 lugent3
673 2931 778 2995 dextri
801 2939 943 3016 sperant,
966 2929 1089 2993 sinistri
1105 2939 1274 3010 metuunt;
1290 2955 1430 3019 cumque

230 3035 272 3100 sit
293 3036 438 3121 undique
460 3034 641 3099 timendum
664 3034 698 3097 in
720 3043 804 3112 rota,
826 3032 946 3097 nullius
968 3033 1003 3096 in
1018 3055 1056 3098 ea
1082 3033 1152 3098 sine
1176 3057 1232 3119 spe
1254 3035 1345 3100 locus
1371 3047 1432 3115 est,

229 3150 352 3204 etcum
376 3140 480 3225 ipsam
508 3159 593 3223 spes,
616 3147 734 3212 metus,
756 3137 922 3222 gaudium,
944 3136 1115 3223 luctusque
1138 3139 1341 3224 participent,
1364 3141 1434 3204 sola

230 3243 292 3308 sibi
307 3243 461 3308 familiam
477 3263 552 3326 spes
567 3241 645 3306 facit
659 3250 693 3304 et
707 3239 842 3304 detinet.
885 3239 970 3302 Tota
985 3241 1136 3304 terribilis
1152 3251 1213 3319 eat,
1229 3253 1341 3307 contra
1356 3265 1433 3308 con-

230 3346 382 3411 scientias
397 3356 466 3411 tota
490 3345 617 3422 militat,
633 3365 693 3407 nec
707 3343 783 3407 inde
798 3341 906 3405 minus
922 3342 1096 3426 appetitur.
1133 3343 1250 3428 Tityus
1265 3345 1432 3411 Junonem

229 3449 334 3534 prima
362 3447 487 3514 visione
516 3445 649 3531 cupivit,
678 3444 828 3528 ultroque
857 3452 984 3507 motum
1014 3457 1145 3509 secutus
1175 3446 1323 3513 illicitum
1352 3451 1433 3513 fatui

226 3551 345 3637 jecoris
361 3573 427 3616 non
442 3550 614 3616 refrenavit
628 3547 786 3625 ardorem,
802 3546 888 3611 unde
903 3546 1019 3611 merito
1041 3549 1176 3633 punitur
1199 3550 1313 3616 eodem
1324 3554 1433 3637 jecore

231 3655 319 3740 quod
334 3655 375 3718 ad
399 3654 449 3718 sui
471 3653 665 3718 detrimenta
679 3649 860 3715 renascitur
869 3674 879 3729 ;
901 3650 1068 3714 vulturum
1084 3651 1271 3718 aviditatem
1287 3655 1432 3736 exhibet,

231 3759 319 3842 quod
343 3779 417 3822 cum
443 3779 510 3821 non
531 3756 669 3834 deficiat,
691 3754 851 3818 inflictum
878 3763 929 3818 eat
948 3763 1066 3818 utnon
1082 3755 1231 3821 sufficiat.
1275 3758 1433 3844 Nunquid

230 3883 297 3926 non
327 3884 401 3925 sum
430 3882 490 3946 ego
518 3861 554 3924 in
583 3859 670 3924 curia
699 3860 829 3944 Tityus,
863 3869 897 3924 et
929 3860 1037 3923 forsan
1075 3859 1156 3924 alius
1194 3861 1309 3946 aliquis
1339 3864 1431 3948 cujus

264 3999 279 4029 ⁸
296 3997 386 4046 Erech.
399 3997 481 4046 xxxvi.
495 3998 535 4047 26.
570 3996 604 4044 ut
620 3996 683 4044 dabo
693 3996 762 4046 vobis
774 4012 817 4046 cor
849 3996 941 4046 vestris
961 4001 986 4046 et
999 3997 1107 4045 anferam
1125 4013 1168 4046 cor
1184 3998 1308 4062 lapideum
1320 4001 1349 4051 de
1360 4017 1433 4053 carne

231 4093 331 4138 novum,
339 4086 364 4128 et
372 4079 487 4143 spiritum
495 4093 586 4128 novum
595 4091 686 4141 ponam
697 4079 723 4126 in
736 4077 817 4126 medio
850 4082 939 4136 restra,
952 4081 977 4126 et
988 4077 1051 4126 dabo
1062 4078 1131 4127 robis
1143 4094 1186 4128 cor
1197 4095 1320 4130 carneum.
