3650 4852
390 497 432 555 52
824 505 1012 552 ouacnrnr
1038 505 1159 550 uncus
1416 505 1539 568 [natue.
1551 505 1575 554 1.

392 659 502 739 avari3
527 681 595 726 non
623 665 821 744 congregant
848 667 887 722 ut
915 655 1106 722 delicientur
1128 655 1184 720 sed
1212 655 1425 737 delectentur,
1456 677 1524 720 non
1554 663 1594 722 ut

392 769 526 826 utantur
541 761 599 826 sed
616 769 821 826 conservent.
865 758 901 823 Si
923 757 964 823 de
988 758 1110 837 labore,
1133 759 1174 823 de
1199 757 1328 843 frigore,
1352 759 1393 824 de
1416 758 1490 824 cibo
1512 779 1592 824 con·

393 860 520 942 tendas,
542 860 713 928 Walenses
732 859 766 925 in
793 859 945 926 omnibus
969 860 1033 924 hiis
1056 860 1185 946 gravius
1205 859 1370 946 affligunt3
1393 861 1450 926 isti
1471 861 1591 926 multas

393 961 517 1026 habent
534 964 672 1042 tunicas,
687 963 733 1028 illi
748 962 890 1042 nullam3
911 962 967 1027 isti
981 961 1124 1048 pellicias
1139 984 1206 1028 non
1221 961 1354 1042 habent,
1369 985 1431 1028 nec
1445 963 1513 1043 illi3
1535 962 1591 1028 isti

392 1083 460 1128 non
485 1074 623 1129 utuntur
645 1064 723 1144 lino,
748 1086 808 1129 nec
830 1063 878 1128 illi
891 1063 976 1144 lana,
989 1072 1205 1149 praeterquam
1227 1063 1262 1126 in
1284 1065 1381 1129 certis
1402 1063 1541 1149 palliolis
1556 1073 1591 1129 et

395 1164 596 1250 simplicibus
606 1190 617 1246 3
639 1166 695 1230 isti
715 1166 839 1232 calceos
864 1165 989 1231 habent
1010 1174 1045 1230 et
1068 1165 1195 1249 caligas,
1220 1163 1268 1228 illi
1286 1165 1383 1230 nudis
1404 1165 1543 1251 pedibus
1558 1174 1593 1229 et

393 1265 482 1330 tibiis
497 1265 671 1346 incedunt3
692 1265 747 1331 isti
770 1289 837 1331 non
860 1279 1039 1333 vescuntur
1052 1288 1157 1346 carne,
1172 1288 1233 1332 nec
1253 1265 1299 1330 illi
1314 1287 1398 1353 pane
1407 1293 1417 1348 3
1442 1267 1499 1332 isti
1513 1267 1593 1332 dant

393 1367 633 1448 eleemosinam,
655 1369 702 1433 illi
727 1389 794 1434 non
807 1368 931 1434 habent
950 1369 1002 1434 cui
1027 1369 1125 1448 dent3
1146 1390 1221 1432 cum
1245 1368 1312 1434 sint
1336 1369 1423 1453 apud
1445 1391 1503 1434 eos
1528 1368 1592 1434 cibi

394 1493 594 1551 communes,
620 1493 717 1537 nemo
742 1472 907 1538 intereos
931 1472 1040 1538 cibum
1068 1473 1162 1558 petit,
1188 1471 1246 1536 sed
1275 1471 1345 1536 sine
1373 1471 1592 1557 prohibitione

394 1573 517 1652 sumit3
538 1574 585 1638 illi
611 1583 720 1640 tamen
737 1573 986 1640 inverecundius
1013 1583 1046 1638 et
1070 1573 1290 1639 manifestiore
1313 1572 1347 1638 vi
1372 1574 1537 1657 captivant
1557 1583 1593 1638 et

393 1673 594 1742 interficiunt
617 1677 778 1757 homines,
793 1699 889 1762 quam
904 1676 959 1740 isti
968 1701 978 1756 3
1000 1676 1047 1741 illi
1071 1697 1199 1762 semper
1223 1677 1257 1742 in
1272 1675 1488 1741 tabernaculis
1503 1686 1592 1742 sunt

396 1775 457 1840 sub
479 1777 567 1858 divo,
586 1777 642 1843 isti
663 1779 814 1845 domibus
829 1776 980 1843 eburneis
1002 1779 1213 1844 delectantur.
1257 1779 1304 1842 Et
1325 1778 1360 1842 in
1384 1778 1445 1843 hac
1465 1778 1591 1846 distric-

393 1879 483 1944 tione
509 1881 649 1946 veatium
674 1882 715 1946 de
740 1879 974 1945 femoralibus*
997 1880 1221 1945 admirandum
1247 1879 1342 1959 duco,
1364 1881 1452 1965 quod
1474 1881 1520 1946 eis
1542 1883 1592 1946 uti

395 1990 525 2067 oportet
538 1983 573 2047 in
584 1984 692 2064 altaris
713 1982 879 2069 obsequio,
895 1992 929 2047 et
953 2005 1028 2049 cum
1051 1983 1127 2049 inde
1150 1981 1342 2049 recesserint
1363 1983 1569 2068 deponuntur
1580 2011 1592 2066 3

396 2107 558 2150 sacrarum
572 2085 714 2152 vestium
729 2086 800 2152 haec
814 2096 866 2152 est
881 2087 1032 2172 dignitas,
1045 2088 1116 2153 hoec
1131 2096 1241 2152 autem
1256 2107 1345 2150 sacra
1366 2108 1433 2151 non
1457 2097 1517 2167 est,
1531 2109 1593 2153 nec

395 2185 480 2252 inter
495 2189 704 2254 sacerdotalis
717 2190 770 2254 vel
791 2189 919 2254 levitica
938 2199 1155 2274 computatur,
1170 2199 1227 2252 aut
1239 2188 1460 2270 benedicitur3
1483 2191 1592 2276 typica

394 2309 471 2353 vero
487 2300 538 2355 est
562 2301 597 2356 et
620 2291 773 2378 pudenda
790 2291 943 2376 contegit,
964 2291 1155 2377 venerisque
1178 2299 1299 2356 secreta
1318 2291 1444 2376 signare
1463 2291 1594 2358 videtur

395 2401 429 2456 et
443 2393 597 2478 castigare
618 2415 660 2458 ne
675 2393 881 2478 prodeantur.
926 2394 995 2458 Cur
1020 2393 1130 2457 abillo
1151 2391 1380 2456 abstinendum
1403 2391 1446 2456 sit
1460 2392 1592 2478 quidam

394 2493 474 2557 mihi
489 2493 649 2560 rationem
663 2495 763 2575 dedit,
778 2505 816 2560 ut
831 2495 954 2562 scilicet
967 2495 1051 2560 circa
1064 2495 1135 2560 loca
1149 2493 1204 2558 illa
1217 2493 1365 2578 frigeant,
1380 2514 1423 2558 ne
1445 2494 1593 2578 prosiliat

395 2595 491 2660 ardor
514 2597 567 2661 vel
589 2597 647 2661 fiat
671 2597 813 2682 impetus
836 2599 871 2662 in
885 2599 1058 2663 incestum.
1101 2595 1199 2660 Absit
1223 2595 1304 2661 hoc!
1320 2595 1529 2660 decurtentur
1542 2597 1593 2661 in·

397 2696 530 2760 teriores
553 2721 572 2762 a
594 2719 678 2762 aona
690 2697 804 2777 limite,
827 2708 979 2762 manente
1007 2697 1171 2783 superins,
1196 2705 1231 2761 et
1252 2719 1320 2762 non
1343 2696 1552 2762 decalventur
1574 2721 1596 2763 a

396 2806 488 2862 veste
509 2799 686 2864 venerabili
699 2809 734 2864 et
747 2800 788 2865 ab
804 2801 894 2866 omni
909 2801 987 2865 alias
1001 2800 1180 2886 approbata
1192 2799 1347 2884 religione
1365 2799 1436 2865 loca
1449 2799 1594 2866 celanda.

397 2899 497 2963 Meus
511 2921 568 2966 rex
584 2899 746 2966 Henricus
763 2903 924 2969 secundus
939 2924 1044 2990 nuper
1054 2913 1092 2968 ut
1106 2903 1136 2968 ei
1150 2923 1223 2968 mos
1237 2911 1289 2968 est
1301 2911 1405 2967 totam
1419 2901 1506 2966 illam
1520 2902 1596 2967 infi-

397 2999 534 3066 nitatem
559 3002 701 3068 militum
723 3012 757 3070 et
778 3005 967 3070 clericorum
988 3026 1123 3073 suorum
1143 3005 1341 3091 praecedens,
1363 3026 1438 3071 cum
1460 3002 1594 3070 domino

399 3101 514 3168 Retico
540 3105 701 3171 monacho
722 3129 840 3193 magno
862 3117 897 3174 et
916 3108 1056 3174 honesto
1077 3107 1147 3174 viro
1170 3107 1307 3172 verbum
1337 3106 1485 3184 faciebat,
1510 3116 1596 3172 erat-

397 3225 461 3289 que
475 3205 523 3269 eis
537 3215 658 3271 ventus
673 3205 780 3288 nimis,
802 3217 837 3274 et
850 3231 923 3276 ecce
937 3201 1117 3276 monachus
1131 3209 1224 3274 albus
1238 3210 1273 3274 in
1286 3207 1360 3275 vico
1374 3209 1474 3295 pedes
1494 3229 1595 3294 nego·

398 3305 551 3388 aiebatur,
573 3307 812 3397 respiciensque
834 3311 991 3378 divertere
1005 3311 1210 3398 properabat,
1233 3311 1371 3377 offendit
1387 3311 1428 3376 ad
1442 3311 1596 3397 lapidem,

397 3430 458 3474 nec
476 3409 665 3494 portabatur
685 3410 725 3476 ab
740 3411 862 3498 augelis
884 3421 975 3493 tirno,
996 3423 1031 3480 et
1052 3435 1161 3480 coram
1184 3412 1322 3500 pedibus
1342 3413 1417 3500 equi
1432 3413 1510 3499 regii
1524 3435 1597 3480 cor·

429 3641 445 3674 *
461 3643 516 3693 The
530 3645 680 3696 Cistsrcians
695 3662 805 3698 vorens
821 3649 946 3709 breschea,
964 3665 979 3698 a
1010 3649 1120 3700 tribatcd
1137 3653 1164 3698 to
1182 3648 1278 3699 Walter
1295 3647 1395 3713 Μαρια,
1417 3649 1525 3714 perbrps
1548 3661 1598 3700 cur

396 3723 575 3775 circumstance
597 3726 677 3776 which
700 3727 809 3779 affor-ded
828 3743 844 3778 a
864 3731 979 3794 bqusat
1010 3731 1101 3782 author
1116 3731 1226 3790 himself,
1238 3745 1295 3794 says
1307 3729 1345 3795 (p.
1357 3730 1412 3797 56),

398 3803 493 3864 subject
511 3805 540 3855 ol
554 3807 656 3857 ridicule
666 3813 693 3857 to
709 3809 752 3859 the
766 3811 874 3861 satirists
891 3812 920 3861 ol
934 3811 978 3860 the
1045 3817 1062 3842 “
1071 3813 1164 3863 careat
1171 3811 1330 3862 femoralibus
1340 3819 1424 3876 partes
1432 3813 1567 3878 turpiores,

398 3884 492 3934 tvelsth
514 3886 564 3934 aud
585 3887 721 3938 thirtecnth
752 3891 883 3942 centuries.
924 3893 978 3942 'l'be
1043 3895 1147 3944 Veneris
1157 3900 1187 3943 ut
1196 3893 1281 3944 uribru
1291 3895 1343 3943 siut
1353 3895 1497 3958 paratiores,

396 3965 479 4013 writer
489 3966 518 4016 ci
531 3982 546 4014 a
556 3969 625 4031 pices
632 3969 733 4031 printed
742 3973 770 4021 iu
782 3972 824 4023 tbs
841 3972 930 4023 Poems
939 3979 978 4024 at·
1045 3974 1281 4041 circumagitur
1292 3977 1482 4027 absolutiores.''
