3608 4862
232 566 355 632 eaput]
608 564 655 607 ns
680 565 790 610 uuors
814 565 1038 611 cunrnnruu.
1359 549 1421 622 127

214 737 256 801 lis
277 733 338 799 tibi
353 730 508 798 membris
531 730 748 817 aptitudinem
772 757 863 799 suam
890 735 1052 820 eleganter
1075 731 1287 820 impresserit,
1301 755 1344 798 ne
1359 735 1421 799 diis

215 840 335 904 faceret
345 837 500 901 iuvidiam
512 835 592 901 citra
604 838 782 922 perfectum
798 839 957 918 substitit,
968 853 1002 904 et
1011 861 1051 902 ne
1062 837 1255 902 tenerrimus
1269 837 1333 900 oris
1349 837 1421 900 dul·

216 941 337 1007 cissimi
348 940 503 1005 flosculus
518 950 556 1004 ut
570 940 643 1003 visu
660 941 706 1004 sic
725 951 814 1006 tactu
829 953 964 1006 cunctos
980 950 1138 1006 everteret
1159 941 1295 1020 animos,
1325 941 1421 1004 foeto-

217 1067 285 1110 rem
295 1044 419 1108 innasci
429 1042 578 1128 pertulit;
601 1043 673 1122 tibi,
684 1044 863 1124 karissime,
873 1046 988 1130 loquor
997 1056 1034 1109 ut
1042 1044 1110 1108 filio
1121 1053 1222 1128 pater,
1233 1043 1420 1107 modisom-

217 1148 315 1212 nibus
327 1145 491 1210 exhortari
503 1154 535 1209 te
546 1146 680 1230 cupiens
693 1149 845 1231 quatinus
858 1171 900 1213 ne
912 1149 1046 1214 domino
1061 1148 1127 1230 regi
1140 1147 1224 1211 circa
1235 1147 1359 1210 cultum
1370 1167 1422 1209 ca·

218 1251 296 1337 pitis
321 1258 356 1313 et
376 1249 487 1312 vultus
503 1257 569 1312 tam
584 1249 787 1334 propinquus
803 1251 946 1329 assistas,
961 1251 1059 1336 paulo
1075 1250 1309 1334 temperantius
1326 1259 1358 1314 et
1372 1249 1420 1313 vi-

218 1353 340 1418 tantius
355 1375 423 1436 age,
440 1372 481 1415 ne
496 1361 528 1416 te
543 1373 601 1436 per
616 1353 827 1438 frequentiam
851 1355 965 1418 reddat
979 1354 1143 1431 odibilem,
1159 1354 1247 1439 quod
1268 1353 1339 1438 ipse
1359 1353 1420 1416 tibi

218 1478 276 1542 per
290 1457 409 1520 amoris
425 1455 507 1519 celat
529 1456 752 1534 reverentiam,
780 1467 813 1520 et
835 1457 911 1521 licet
936 1456 1194 1542 patientissimus
1217 1478 1301 1541 aegre
1323 1457 1420 1520 nimis

220 1559 369 1624 tolerat.’'
414 1557 496 1624 Hoec
511 1559 557 1622 ait
573 1559 697 1638 Parius,
713 1569 747 1623 et
773 1559 870 1624 simul
885 1560 1008 1626 oborta
1030 1561 1169 1625 lacrimoe
1185 1560 1261 1624 licet
1274 1559 1421 1624 infideles

220 1663 319 1727 fidem
335 1661 495 1726 distillant
506 1683 618 1746 puero.
665 1663 784 1746 Stupet
795 1663 936 1728 miseret
949 1663 1144 1748 obrigescit;
1164 1663 1279 1727 fletum
1295 1663 1325 1726 ei
1339 1685 1422 1748 prae-

221 1765 319 1828 struit
334 1764 433 1828 nimia
448 1765 569 1829 doloris
584 1764 741 1844 anxietas,
757 1775 791 1830 et
816 1765 977 1849 loquelam
999 1775 1033 1830 et
1050 1765 1265 1849 interceptam
1280 1767 1421 1830 animam

220 1867 308 1953 cogit
319 1867 439 1932 avenis
451 1867 485 1930 in
497 1889 562 1932 cor.
586 1867 751 1932 Restituto
764 1869 895 1931 tandem
906 1869 1033 1952 spiritu,
1046 1869 1200 1952 magistro
1212 1879 1349 1953 quantas
1361 1870 1423 1933 scit

220 1980 254 2034 et
268 1970 422 2055 praevalet
443 1982 548 2054 grates
571 1971 721 2051 exsolvit,
743 1981 813 2035 tota
839 1972 1037 2056 benignitate
1052 1971 1190 2055 pedibus
1207 1974 1277 2055 ejus
1294 1995 1422 2037 accum-

221 2073 312 2137 bens.
338 2073 444 2139 Quam
455 2072 536 2134 dura
547 2072 691 2156 nequitia
703 2094 775 2156 quoe
791 2095 857 2136 non
870 2073 1040 2137 miseretur
1049 2084 1082 2138 et
1094 2075 1255 2158 resipiscit
1269 2075 1274 2138 !
1299 2076 1423 2139 Exsur-

221 2177 269 2260 git
284 2198 303 2238 a
319 2175 455 2240 scelesto
476 2175 626 2253 coelestis,
642 2187 675 2239 et
690 2176 789 2259 pedes
805 2159 990 2240 elatissimoe
1011 2176 1170 2261 superbiae
1192 2177 1310 2261 linquit
1325 2188 1423 2262 caput

220 2279 432 2358 humilitatis3
455 2279 573 2342 mentis
589 2301 707 2342 moeror
721 2279 895 2363 oegerrimae
911 2281 1028 2344 transit
1043 2279 1076 2343 in
1093 2301 1232 2358 carnem,
1247 2289 1281 2344 et
1295 2279 1422 2344 afflictae

221 2382 349 2446 fortiter
371 2381 488 2446 animae
511 2391 791 2466 transcorporatur
815 2384 974 2468 angustia.
1020 2383 1198 2447 Decumbit
1223 2383 1306 2448 lecto
1318 2409 1327 2464 3
1356 2407 1421 2448 non

222 2485 289 2549 exit
302 2484 482 2570 grabatum.
528 2486 635 2549 Ninus
652 2508 747 2571 quern
759 2487 944 2571 perdiderat
957 2487 1082 2571 quoerit,
1098 2487 1232 2550 invento
1247 2487 1281 2551 in
1297 2489 1423 2572 sponda

222 2589 297 2653 lecti
313 2588 414 2652 tristis
430 2587 561 2666 assidet,
579 2599 613 2652 et
627 2589 678 2652 cui
693 2589 798 2654 valide
815 2591 1010 2675 compatitur
1021 2590 1109 2656 hunc
1123 2591 1262 2674 benigne
1277 2593 1423 2656 consola·

223 2701 286 2757 tur.
325 2692 409 2756 Puer
423 2713 490 2777 prm
502 2692 626 2777 pudore
643 2693 755 2757 faciem
773 2693 899 2773 avertit,
914 2716 955 2758 ne
970 2695 1085 2759 foetore
1100 2695 1238 2758 mentito
1254 2695 1422 2760 dominum

224 2794 378 2858 offendat.
424 2796 494 2859 Rex
528 2795 673 2859 veritatis
705 2796 827 2861 inscius
851 2798 1065 2862 vehementiae
1091 2799 1252 2884 passionis
1274 2799 1423 2884 imputat,

224 2898 366 2962 medicos
381 2898 411 2962 ei
426 2920 636 2983 quoscunque
652 2909 761 2985 potest
776 2901 918 2986 optimos
933 2902 1076 2981 exhibet,
1091 2912 1125 2966 et
1140 2903 1295 2986 temporis
1319 2913 1424 2969 tractu

224 3023 290 3066 non
307 3001 435 3066 modico
450 3023 565 3066 sanum
581 3002 622 3066 ab
637 3004 683 3067 eis
699 3004 826 3089 accipit.
865 3005 950 3069 Puer
966 3005 1095 3070 sanitati
1111 3006 1241 3070 deditus
1256 3017 1290 3070 et
1305 3009 1422 3089 officio,

225 3104 411 3168 nullatenus
436 3105 477 3169 ad
501 3106 671 3170 dominum
695 3129 792 3170 suum
819 3109 987 3192 praesumit
1013 3109 1076 3172 nisi
1098 3119 1234 3173 vocatus
1264 3111 1425 3189 accedere,

225 3208 330 3292 capite
345 3208 535 3273 famulatum
559 3209 701 3273 demisso
724 3210 930 3294 prosequitur
944 3221 978 3274 et
992 3232 1104 3274 averso
1126 3211 1221 3275 vultu
1236 3221 1342 3275 totum
1358 3216 1424 3298 regi

226 3312 368 3396 complet
383 3312 585 3397 obsequium.
631 3313 739 3376 Ninus
754 3315 876 3377 notatis
899 3313 950 3376 his
962 3314 1030 3397 jam
1047 3335 1113 3376 non
1136 3313 1237 3378 credit
1251 3335 1325 3378 eum
1341 3315 1425 3381 bene

225 3413 437 3494 convaluisse,
447 3415 613 3479 cerebrum
625 3415 654 3479 ei
664 3416 776 3480 laesum
789 3417 877 3495 dicit,
888 3416 941 3480 vel
950 3417 1056 3481 adhuc
1068 3417 1187 3496 debile3
1204 3417 1260 3480 diu
1275 3419 1424 3499 sustinet,

225 3540 285 3582 nec
299 3517 420 3602 aliquid
444 3519 651 3604 malignitatis
674 3529 713 3582 ut
738 3520 859 3583 fraudis
885 3520 1036 3605 imponit,
1051 3521 1085 3584 in
1100 3529 1226 3604 partem
1242 3519 1360 3584 bonam
1374 3524 1423 3586 in-

226 3630 349 3705 terpres
366 3621 521 3706 optimus.
567 3622 680 3686 Parius
704 3623 802 3708 igitur
827 3625 893 3687 fere
915 3633 1030 3687 votum
1046 3633 1213 3686 assecutus
1229 3623 1352 3688 fraudis
1368 3649 1425 3692 ne·

226 3723 313 3788 fariae
339 3723 447 3789 locum
471 3727 541 3810 ejus
567 3725 720 3810 frequens
743 3720 891 3810 occupat,
911 3725 1116 3791 accedentem
1142 3736 1229 3789 arcet
1251 3735 1284 3789 et
1309 3729 1424 3813 arguit,

226 3835 260 3890 et
274 3827 366 3911 quasi
382 3827 527 3892 defectus
543 3829 613 3913 ejus
629 3829 763 3914 implere
779 3829 923 3913 cupiens,
939 3828 1038 3892 altero
1051 3838 1166 3893 vocato
1183 3828 1310 3893 subitus
1327 3831 1427 3897 advo·

226 3927 282 4007 lat,
304 3929 580 4014 castigationibus,
597 3930 752 4009 consiliis,
767 3939 800 3994 et
816 3932 882 3994 suls
906 3931 1208 4016 interpositionibus
1230 3954 1305 3996 eum
1329 3933 1425 4021 longe

228 4031 363 4110 detinet,
378 4033 563 4098 venientem
579 4033 752 4119 vituperat,
774 4035 930 4098 vitantem
955 4035 1075 4114 laudat,
1098 4045 1131 4100 et
1152 4035 1427 4104 incantationibus

228 4135 368 4198 infatuat
382 4135 536 4200 adversis.
582 4135 708 4200 Diebus
725 4135 877 4200 omnibus
892 4146 982 4200 totus
997 4135 1029 4200 in
1046 4137 1191 4201 lacrimas
1208 4159 1289 4224 puer
1304 4141 1429 4209 defluit.
