3608 4862
234 559 394 630 capum]
608 560 656 610 na
680 557 791 608 soors
814 557 1040 608 oneramus.
1378 549 1421 608 99

218 717 400 806 supplicare
426 714 479 784 rel
503 713 545 779 ad
570 711 792 780 defensionem
817 711 944 781 armari.
988 713 1104 780 Missis
1125 713 1224 802 igitur
1244 713 1322 780 hinc
1342 712 1421 780 inde

217 822 353 902 nuntiis,
377 815 729 902 Sabrinainterposita,
751 815 904 882 collocuti
919 828 1007 884 sunt.
1051 818 1232 884 Edwardus
1247 817 1420 883 adAuste-

216 925 297 992 clive
313 933 393 1005 erat,
407 922 566 989 Luelinus
587 920 622 985 in
644 919 851 987 Becheslee.l
895 921 995 988 Ibant
1015 932 1050 988 et
1070 921 1317 988 revertebantur
1330 920 1420 985 inter

215 1049 272 1094 eos
286 1028 321 1094 in
336 1027 479 1115 phaselis
492 1033 671 1112 magnates,
685 1031 810 1108 etpost
824 1024 927 1090 multa
941 1023 1143 1090 internuntia
1156 1024 1198 1090 ad
1212 1025 1416 1100 alterutrum,

214 1131 404 1196 altercatum
419 1137 471 1195 est
484 1129 540 1193 diu
554 1136 629 1193 uter
642 1147 756 1192 eorum
771 1125 812 1190 ed
826 1127 964 1194 alterum
975 1127 1111 1194 transire
1123 1127 1301 1194 debuisset.
1334 1125 1417 1191 Erat

214 1247 323 1298 autem
338 1231 494 1298 transitus
509 1229 648 1296 difficilis
671 1229 861 1296 difficultate
874 1231 1045 1310 fluctuum,
1066 1231 1125 1296 sed
1147 1253 1215 1296 non
1234 1231 1296 1295 hac
1318 1250 1417 1294 causa

214 1335 396 1415 conflictus,
422 1333 580 1420 allegabat
603 1333 817 1419 majoritatem
835 1333 1005 1414 Luelinus‚
1019 1334 1192 1420 paritatem
1206 1332 1418 1414 Eduuardus,

213 1438 372 1504 Lueliuus
401 1437 488 1523 quod
519 1436 569 1501 sui
598 1445 702 1502 totam
731 1437 884 1522 Angliam
913 1459 989 1502 cum
1019 1436 1197 1516 connubia,
1227 1436 1347 1516 Scotia,
1380 1445 1417 1502 et

212 1541 331 1606 Wallia
354 1539 594 1624 conquisissent
616 1559 636 1603 a
657 1537 841 1624 gigantibus
865 1548 899 1604 et
922 1561 956 1606 se
981 1540 1162 1606 affirmabat
1183 1541 1218 1605 in
1233 1540 1414 1605 rectissimo

213 1644 371 1710 descensu
384 1642 558 1720 haeredem,
573 1640 771 1706 Eduuardus
785 1641 901 1726 quoda
912 1642 1183 1728 conquestoribus
1195 1641 1263 1707 suis
1274 1664 1346 1708 eam
1361 1643 1413 1708 sui

212 1745 431 1812 obtinuissent
448 1753 678 1809 antecessores.
724 1744 804 1808 Post
814 1743 950 1808 multam
964 1741 1063 1828 igitur
1076 1743 1286 1829 praeliationis
1297 1743 1412 1824 rixam,

210 1849 374 1933 ingressus
385 1844 535 1934 cymbam
547 1845 743 1910 Eduuardus
755 1845 797 1911 ad
808 1847 984 1914 Luelinum
995 1847 1190 1932 properarit.
1227 1847 1291 1911 Est
1301 1855 1412 1912 autem

210 1949 256 2016 ibi
271 1947 408 2014 Sabrina
422 1947 544 2012 miliare
558 1947 683 2012 habens
696 1947 732 2012 in
746 1949 859 2015 latum.
903 1950 1028 2016 Videns
1049 1950 1160 2038 ipsum
1175 1959 1210 2016 et
1230 1971 1410 2036 agnoscens

210 2053 379 2132 Luelinus‚
393 2051 539 2138 projecto
553 2049 651 2134 pallio
667 2047 803 2130 solenni,
818 2071 894 2115 nam
914 2073 949 2116 se
971 2052 1041 2117 loro
1056 2062 1234 2138 paraverat,
1249 2073 1355 2138 usque
1368 2053 1411 2118 ad

207 2167 323 2244 pectus
345 2155 511 2241 ingressus
534 2164 585 2219 est
607 2175 724 2239 aquam
747 2162 781 2217 et
803 2151 954 2239 cymbam
978 2154 1117 2220 corditer
1139 2154 1338 2241 amplectens
1352 2153 1409 2232 ait,

208 2254 485 2342 “sapientissime
506 2277 574 2334 rex,
596 2263 654 2319 tua
674 2255 840 2321 humilitas
862 2279 970 2324 meam
990 2258 1070 2324 aicit
1091 2257 1288 2344 superbiam,
1310 2264 1345 2322 et
1358 2278 1410 2321 sa·

206 2361 330 2449 pientia
350 2358 564 2446 triumphavit
584 2357 759 2445 ineptiam;
782 2360 902 2426 collum
917 2359 1005 2445 quod
1020 2368 1133 2426 contra
1146 2368 1181 2424 te
1195 2359 1305 2424 fatuus
1320 2357 1408 2424 erexi

207 2464 374 2544 ascendes,
397 2472 431 2528 et
454 2461 501 2528 sio
523 2461 659 2527 intrabis
682 2471 800 2528 terram
824 2485 922 2548 quam
944 2461 1005 2526 tibi
1028 2462 1125 2528 hodie
1149 2470 1239 2527 tuem
1254 2461 1332 2527 lecit
1350 2459 1408 2526 be-

205 2567 378 2654 nignitas.”
446 2566 690 2651 Acceptumque
713 2565 858 2630 humeris
883 2585 982 2650 super
1004 2563 1138 2648 pallium
1169 2586 1266 2629 suum
1295 2562 1407 2628 sedere

205 2671 293 2752 fecit,
308 2678 342 2736 et
361 2668 484 2756 junctis
500 2667 649 2732 manibus
670 2667 733 2734 sibi
747 2668 824 2734 lecit
837 2667 1034 2754 homagium.
1082 2667 1158 2732 Hoc
1170 2665 1302 2732 initium
1316 2665 1406 2751 pacis

205 2773 379 2860 egregium,
395 2772 452 2836 sed
467 2791 556 2835 more
571 2769 775 2836 Walensium
797 2770 1005 2836 observatum
1029 2780 1080 2836 est
1103 2791 1207 2856 usque
1230 2770 1272 2835 ad
1295 2780 1406 2856 potes·

204 2883 306 2940 tatem
321 2873 470 2940 nocendi
515 2872 613 2940 Unde
633 2871 713 2938 mihi
733 2874 869 2960 contigit
882 2873 1079 2960 respondere
1103 2871 1289 2960 parabolam
1307 2871 1404 2938 beato

203 2977 373 3057 l'homae,†
402 2986 483 3042 tunc
515 2975 704 3041 cancellario
732 2976 869 3041 Domini
898 2976 974 3057 mei,
1002 2976 1086 3062 regis
1117 2974 1254 3042 Henrici
1282 2974 1406 3041 scilicet

204 3079 355 3146 secundi:
392 3076 543 3163 quaesivit
571 3100 590 3142 a
619 3099 683 3156 me,
711 3077 767 3163 qui
794 3079 938 3146 marchio
977 3103 1050 3146 sum
1079 3079 1301 3159 Walensibus,
1331 3099 1403 3164 qum

202 3182 297 3262 fides,
320 3181 420 3247 idest
442 3180 592 3261 fidelitas,
615 3201 739 3261 eorum,
761 3190 795 3247 et
809 3183 973 3268 quomodo
988 3182 1075 3249 credi
1090 3182 1235 3267 possint:
1258 3179 1311 3246 cui
1330 3202 1403 3267 ego,

204 3283 397 3352 “Exulabat
410 3282 445 3347 in
462 3281 569 3348 Gallia
584 3283 709 3349 l'ranco
725 3303 824 3370 eques
839 3284 880 3351 ab
895 3284 1109 3364 Allemannia‚
1125 3285 1180 3370 qui
1195 3283 1329 3348 veniens
1344 3303 1403 3368 per

202 3389 346 3456 medium
361 3408 476 3452 nemus
495 3386 614 3450 Bibere
628 3385 712 3450 vidit
726 3385 930 3453 Lodovicum
944 3408 1053 3473 regem
1070 3385 1184 3450 Karoli
1197 3383 1302 3448 filium
1322 3384 1403 3448 insi-

200 3492 333 3558 dentem
348 3488 448 3576 lapidi
463 3489 580 3569 solum,
595 3499 747 3575 ceperant
761 3489 848 3556 enim
863 3490 909 3557 ibi
923 3489 1016 3577 pueri
1030 3489 1082 3554 sui
1103 3509 1245 3565 cervum,
1262 3507 1401 3572 cumque

199 3594 360 3662 vidissent
375 3593 475 3657 alium
488 3591 535 3658 ibi
549 3613 680 3658 cervum
695 3601 929 3672 transeuntem,
946 3593 1127 3659 insilientes
1150 3589 1261 3655 relicto
1285 3609 1325 3653 eo
1349 3607 1402 3652 re-

200 3698 269 3768 cuti
284 3706 361 3764 sunt
375 3717 516 3762 cervum.
561 3695 737 3762 Quoerebat
757 3705 867 3762 autem
889 3695 979 3782 loqui
1002 3695 1044 3777 ei,
1066 3713 1127 3758 nec
1151 3689 1273 3757 sciebat
1290 3689 1397 3775 ipsum

231 3863 248 3896 θ
261 3867 327 3918 Aust
338 3865 416 3923 Clive,
428 3879 483 3914 now
493 3864 573 3914 called
583 3863 649 3914 Aust
659 3863 744 3928 Fan-y,
754 3878 783 3914 or
815 3863 896 3928 posite
907 3861 960 3913 side
971 3862 1001 3912 ol
1016 3861 1059 3911 tha
1071 3860 1172 3910 Sererm
1205 3857 1268 3910 'rhu
1278 3856 1398 3908 anecdota

198 3949 242 3998 the
254 3948 305 3997 Old
316 3947 430 4011 Passage.
464 3947 490 3996 lt
504 3947 549 3996 bar
565 3945 782 3996 beenmcutioned
814 3943 1063 3996 lsrelatedinother
1071 3942 1178 3992 writers.

197 4029 282 4081 belorc
299 4035 326 4081 at
343 4046 369 4095 p.
389 4029 432 4082 76.
466 4028 590 4093 Beacbley
601 4028 623 4078 is
636 4042 670 4078 oa
680 4027 725 4078 the
735 4042 781 4092 op·
845 4029 864 4084 †
879 4026 989 4075 Thomas
1005 4023 1109 4084 Becket,
1120 4023 1175 4073 nhc
1192 4036 1241 4073 wer
1257 4018 1400 4073 chaacellor

811 4107 878 4158 from
890 4109 953 4156 1158
966 4111 993 4155 to
1006 4103 1079 4154 116³.
