3650 4852
380 489 419 548 12
808 505 995 550 cunarum
1020 503 1141 548 nanas
1396 500 1517 564 [Datne.
1530 501 1554 551 1.

377 654 465 720 enim
480 676 567 720 eram
584 657 671 741 quod
686 657 767 722 mihi
788 656 959 722 consilium
986 655 1074 720 canis
1098 655 1221 718 darant.
1265 651 1371 716 Vetus
1386 663 1437 717 est
1451 661 1486 718 et
1499 661 1579 718 nota

378 753 542 840 parabola,
572 757 659 840 quod
689 765 846 820 tractante
876 754 1009 819 domino
1035 776 1109 818 cum
1135 773 1236 818 uxore
1262 776 1320 820 sua
1335 756 1413 842 quid
1427 756 1461 820 in
1482 757 1579 820 ollam

380 856 421 920 de
449 865 605 941 petasone
627 859 804 936 mitterent,
830 858 875 922 ait
899 858 1030 923 domina
1058 857 1155 936 latus,
1178 855 1328 921 dominus
1352 857 1501 943 spinam3
1527 855 1580 922 cui

380 958 480 1037 canis,
504 963 526 995 “
537 961 683 1045 Spinam,
706 961 766 1040 vir,
791 961 882 1046 quasi
904 960 998 1025 vince
1012 959 1108 1040 vires,
1124 969 1162 1025 ut
1177 957 1217 1024 de
1232 959 1419 1024 melioribus
1434 961 1579 1046 pascar?

382 1059 530 1124 Sciebam
561 1073 669 1127 autem
701 1065 787 1148 quod
816 1063 863 1128 illi
889 1063 993 1128 simile
1023 1063 1195 1126 consilium
1224 1059 1348 1141 darent,
1380 1062 1501 1142 idest,
1538 1064 1580 1127 ad

382 1183 473 1227 suam
489 1165 673 1245 utilitatem,
689 1189 760 1230 mea
775 1166 930 1251 neglecta.
972 1165 1096 1229 Videris
1120 1185 1195 1250 ergo
1218 1166 1295 1250 quid
1315 1165 1446 1246 vellent,
1468 1167 1581 1231 distuli

382 1267 469 1347 quod
488 1267 654 1351 petebant,
673 1291 849 1354 pueroque,
871 1269 945 1353 quia
971 1268 1027 1353 qui
1057 1277 1135 1332 tunc
1155 1268 1260 1332 adhuc
1282 1267 1407 1353 flagella
1432 1269 1581 1349 timebat,

382 1387 492 1432 curam
520 1371 677 1450 omnium,
711 1395 785 1436 cum
806 1370 1070 1436 interminatione
1095 1391 1137 1434 ne
1159 1370 1237 1455 quid
1260 1371 1445 1436 inconsulto
1465 1393 1518 1436 me
1533 1373 1581 1435 fa-

382 1481 478 1550 ceret,
494 1475 652 1538 commisi.
688 1473 840 1540 Timebat
850 1475 903 1538 ille
912 1472 1029 1559 primo,
1040 1471 1211 1558 bonusque
1225 1474 1297 1538 fuit.
1334 1474 1476 1538 'Pumilli
1485 1474 1581 1539 furtis

380 1571 585 1656 insistebant,
600 1577 733 1643 insidias
749 1578 778 1642 ei
794 1588 964 1663 ponentes.
1002 1576 1061 1640 Ille
1073 1575 1237 1661 quaerebat
1245 1577 1374 1656 amissa,
1386 1577 1581 1662 querebatur

382 1675 533 1742 etflebat.
566 1679 638 1764 Ego
649 1678 790 1744 sciebam
802 1679 879 1764 quid
889 1688 1045 1763 ageretur.
1071 1677 1123 1741 Illi
1132 1677 1261 1763 culpam
1270 1679 1305 1743 in
1316 1701 1369 1744 me
1380 1681 1580 1759 refuderunt,

382 1780 470 1862 quod
492 1791 543 1844 tot
567 1793 601 1847 et
629 1793 753 1848 tantam
778 1783 888 1848 idiotas
917 1804 1026 1847 curam
1056 1781 1301 1862 commisissem,
1324 1793 1358 1848 et
1381 1783 1581 1868 adjecerunt,

382 1885 404 1918 “
416 1881 541 1947 Omnes
551 1885 708 1950 mirantur
717 1896 750 1950 et
759 1887 870 1950 dolent
881 1886 922 1949 de
932 1884 1037 1962 vobis,
1047 1884 1075 1948 si
1086 1885 1134 1948 fas
1143 1893 1230 1948 esset
1239 1885 1377 1950 dicere.''
1421 1886 1580 1951 “Dicitet

382 1983 426 2047 sit
444 1985 526 2049 fas.''
570 1991 591 2024 “
603 1987 711 2066 Certe,
727 1988 814 2074 quod
836 1997 904 2051 tam
918 1986 1025 2051 bonus
1045 1995 1112 2050 tam
1135 1985 1243 2050 subito
1261 1998 1470 2067 mancusas,
1490 1998 1525 2054 et
1545 1989 1580 2053 in

382 2095 451 2151 tam
465 2089 642 2155 notabilem
661 2092 772 2176 lapsus
788 2090 964 2169 avaritiam,
979 2097 1018 2152 ut
1031 2087 1141 2152 onmia
1161 2087 1241 2154 scire
1262 2091 1343 2155 velis
1358 2099 1392 2155 et
1402 2090 1582 2155 arctissima

382 2191 519 2256 retinere
540 2193 696 2258 custodia.
742 2193 983 2258 confundimur
1004 2210 1117 2253 omnes
1138 2190 1236 2256 adea
1267 2215 1339 2278 quse
1360 2192 1511 2258 devehis
1532 2193 1582 2257 lo-

382 2297 559 2377 quuntur.'’
605 2296 680 2360 Hiis
699 2295 794 2361 dictis
806 2293 977 2360 consilium
992 2292 1136 2357 inierunt
1154 2293 1283 2359 crudele
1304 2296 1393 2359 satis.
1438 2294 1583 2361 Exibunt

382 2394 416 2459 in
438 2397 528 2462 vicos
546 2407 580 2462 et
598 2398 732 2483 plateas,
750 2407 784 2462 et
804 2419 838 2461 se
854 2397 971 2460 missos
986 2418 1006 2459 a
1020 2417 1072 2460 me
1083 2394 1278 2477 fatebantur,
1300 2407 1338 2462 ut
1352 2399 1583 2484 compellerent

383 2509 526 2564 errantes
541 2501 671 2567 intrare.
717 2501 783 2567 aui
799 2501 888 2565 domi
908 2508 1000 2564 erant
1015 2520 1142 2564 mecum
1156 2497 1247 2583 ipsos
1260 2512 1345 2564 ‘cum
1365 2501 1466 2565 multa
1485 2523 1583 2567 vene·

382 2599 507 2665 ratione
521 2602 750 2687 suscipiebant,
762 2603 907 2666 dicentes
930 2623 983 2666 me
1004 2600 1102 2664 nimis
1122 2623 1178 2665 eos
1194 2601 1374 2666 desiderare
1389 2603 1584 2688 frequenter,

385 2701 460 2785 quia
469 2703 578 2768 venire
587 2703 811 2788 precabantur.
848 2703 903 2767 Ad
912 2725 964 2768 me
973 2724 1050 2768 vero
1060 2713 1223 2768 currentes
1234 2703 1428 2768 nuntiabant
1436 2704 1584 2790 hospites

384 2800 474 2866 viros
483 2803 683 2869 venerabiles
695 2803 819 2885 adesse,
831 2805 1051 2892 cogebantque
1061 2805 1276 2892 congratulari
1290 2807 1467 2872 nolentem.
1504 2809 1582 2873 Dis-

385 2904 564 2989 pergebant
575 2929 650 2992 ergo
662 2908 771 2973 eibum
783 2920 816 2974 et
833 2917 960 2994 potum,
970 2918 1003 2976 et
1012 2910 1101 2994 quod
1112 2931 1164 2974 me
1176 2909 1261 2973 nolle
1274 2909 1419 2974 sciebant
1429 2911 1492 2995 ipsi
1501 2911 1585 2995 gulae

387 3028 495 3072 coram
510 3031 562 3074 me
583 3011 680 3076 nimis
694 3012 870 3078 enormiter
884 3012 1106 3098 indulgebant,
1121 3021 1155 3077 et
1173 3012 1325 3076 distincte
1345 3011 1505 3096 cogebant
1523 3035 1587 3098 po-

387 3118 494 3176 tentes
506 3122 540 3177 et
550 3113 758 3199 impotentes,
772 3116 920 3180 volentes
932 3125 965 3180 et
976 3116 1136 3196 nolentes,
1147 3126 1185 3180 ut
1204 3114 1446 3180 effunderentur
1467 3115 1587 3197 omnia,

388 3213 481 3297 quasi
502 3237 576 3280 meo
596 3227 786 3302 praestantes
809 3217 1002 3302 obsequium
1017 3217 1134 3282 honori
1152 3218 1259 3283 solum
1280 3218 1315 3282 id
1334 3227 1477 3303 agentes,
1499 3228 1588 3286 recte

390 3337 518 3401 quoque
537 3320 715 3383 secundum
731 3329 929 3405 praeceptum
947 3319 1083 3385 Domini
1098 3341 1166 3385 non
1181 3320 1366 3405 cogitabant
1384 3320 1425 3384 de
1436 3321 1589 3402 crastino,

389 3418 565 3484 mittebant
575 3421 662 3486 enim
672 3423 781 3486 omnia
791 3424 887 3487 foras.
932 3422 1019 3487 Cum
1030 3421 1195 3487 ebrietatis
1213 3444 1269 3487 eos
1289 3419 1473 3507 arguebam,
1494 3423 1588 3489 letos

391 3543 426 3588 se
438 3521 538 3588 fuisse
549 3545 616 3589 non
627 3524 734 3590 ebrios
750 3524 915 3611 jurabant,
927 3535 961 3590 et
970 3547 1022 3590 me
1031 3525 1204 3606 crudelem,
1225 3525 1280 3610 qui
1292 3523 1380 3610 quod
1390 3524 1508 3590 honori
1516 3548 1590 3592 meo

390 3635 553 3709 gratanter
563 3627 790 3712 impenderant
798 3627 1084 3714 reprehendebam.
1108 3627 1194 3692 Cum
1205 3627 1246 3692 ab
1258 3627 1393 3693 ecelesia
1403 3629 1592 3695 maneredi-

392 3725 478 3805 bam,
493 3728 602 3812 ignem
621 3731 790 3815 copiosum
807 3730 968 3811 videbam,
986 3731 1198 3796 ethesternos
1215 3730 1373 3815 hospites,
1385 3752 1467 3815 quos
1485 3731 1592 3798 abisse

394 3829 583 3913 sperabam3
604 3832 725 3897 circum
743 3833 825 3898 duce
844 3833 1005 3913 dicebant,
1020 3833 1095 3918 quia
1107 3833 1187 3896 mihi
1202 3842 1326 3898 secreto
1342 3832 1406 3897 mei
1420 3833 1593 3917 prandium

393 3939 517 4016 petent,
538 3935 560 3968 “
571 3933 684 4018 Longe
699 3943 818 4018 putant
831 3935 1022 4020 hospitium,
1037 3935 1188 3999 nesciunt
1206 3935 1284 4023 quid
1299 3935 1477 4002 invenient.
1498 3935 1595 4002 Jacta

395 4032 601 4098 manubrium
616 4044 693 4118 post
708 4035 865 4115 securim3
891 4035 975 4102 bene
990 4037 1128 4122 coepisti,
1152 4037 1196 4102 sit
1209 4038 1317 4104 bonus
1331 4039 1419 4104 finis.
1454 4038 1531 4102 Non
1549 4039 1595 4103 sis

397 4135 565 4218 sollicitus,
588 4137 681 4204 Deus
700 4137 847 4204 nondum
862 4139 972 4206 omma
985 4140 1124 4228 partitus
1139 4150 1200 4209 est.
1243 4143 1295 4209 'l'u
1309 4164 1376 4208 non
1388 4163 1517 4229 pensas,
1532 4141 1597 4208 nisi
