3650 4852
420 480 462 538 56
859 489 1048 535 cunarum
1072 488 1192 536 maras
1447 489 1567 553 [unone.
1580 492 1603 543 1.

420 644 554 710 Hebraei
579 643 785 710 Pontiniaci*
811 641 932 707 multos
956 641 1099 705 fecerant
1121 661 1162 704 ex
1186 639 1311 726 magnis
1337 641 1444 724 porois
1467 641 1618 723 bacones,

419 769 501 831 quos
524 747 587 811 alio
613 745 744 811 nomine
769 753 941 830 petasones
962 741 1110 822 dicimus,
1133 743 1346 826 venditorque
1368 752 1407 806 ut
1431 744 1616 830 depositum

418 848 603 914 habuerunt
622 868 723 934 penes
739 868 774 913 se
789 846 893 911 donec
905 844 1025 910 reverti
1039 854 1175 929 possent
1189 855 1383 909 mercatores
1397 845 1481 932 bigis
1496 847 1615 911 adduc·

419 950 462 1014 tis
477 958 515 1013 ut
528 948 774 1014 abducerentur.
819 947 1006 1012 Redeuntes
1020 968 1099 1011 vero
1114 969 1188 1012 cum
1199 945 1282 1032 bigis
1302 948 1435 1012 eosdem
1450 957 1484 1012 et
1498 969 1616 1013 eorun-

417 1050 493 1116 dem
507 1049 702 1116 invenerunt
715 1059 907 1135 petasonum
924 1068 1066 1127 acervos,
1081 1056 1115 1112 et
1128 1069 1300 1112 numerum
1315 1071 1441 1130 sanum,
1460 1050 1518 1115 sed
1532 1072 1615 1136 quos

416 1152 649 1238 pinguissimos
672 1152 890 1238 deposuerant
908 1170 1033 1213 macros
1048 1149 1154 1214 mirati
1169 1159 1246 1214 sunt
1260 1159 1294 1214 et
1308 1149 1425 1235 pellem
1439 1151 1614 1216 habentem

402 1254 558 1330 ossibus.
603 1254 765 1319 Comitem
794 1253 892 1338 igitur
920 1250 1176 1330 Nevernensem,
1205 1252 1298 1336 cujus
1326 1251 1373 1338 ibi
1401 1253 1526 1338 gladius
1552 1265 1613 1333 est,

415 1357 547 1436 adeunt,
571 1357 626 1442 qui
641 1356 775 1422 veniens
799 1364 961 1441 apastore
985 1355 1126 1440 quodam
1146 1354 1260 1420 didicit
1273 1355 1363 1440 quod
1378 1355 1511 1421 Hebraei
1526 1379 1614 1422 com·

416 1467 602 1543 presserant
629 1459 664 1523 in
686 1457 838 1523 torculari
861 1457 1000 1522 bacones
1024 1477 1127 1542 usque
1150 1459 1191 1521 ad
1214 1456 1422 1522 emissionem
1447 1459 1549 1523 totius
1573 1481 1613 1524 ex

414 1562 506 1626 lardo
521 1560 696 1646 sanguinis,
716 1569 750 1624 et
763 1561 797 1623 in
812 1558 906 1623 doliis
920 1557 1013 1622 novis
1029 1557 1244 1642 signaverant,
1266 1558 1299 1622 in
1326 1557 1444 1642 quibus
1466 1561 1611 1626 nondum

416 1662 586 1748 quicquam
601 1661 670 1726 vini
688 1661 831 1746 positum
846 1661 959 1725 fuerat.
1005 1659 1216 1744 Deprehensa
1231 1670 1283 1726 est
1295 1661 1359 1725 hoc
1372 1659 1490 1726 veritas
1505 1684 1613 1728 coram

415 1764 532 1830 abbate
553 1763 768 1849 fratribusque
787 1762 939 1840 inclusis3
962 1760 1092 1826 erubuit
1115 1784 1224 1827 comes
1247 1771 1281 1827 et
1301 1761 1539 1828 abhorruerunt
1562 1765 1612 1828 sui

416 1866 532 1931 modo:

610 1981 659 2031 Dle
670 1981 786 2045 aliquem,
798 1980 870 2030 sodes
880 1980 921 2030 hio
932 1981 1095 2042 Quintiliane,
1107 1983 1228 2032 coloretur

609 2062 771 2120 Haeremur.†

414 2177 535 2244 Dicant
556 2178 639 2264 ipsi3
663 2178 825 2261 dompnus
854 2175 955 2241 abbas
980 2176 1101 2258 intulit,
1124 2179 1248 2243 “Nihil
1273 2181 1313 2244 ad
1341 2202 1403 2245 nos
1432 2181 1613 2262 interiores,

412 2290 520 2346 totum
542 2281 605 2347 hoo
631 2281 700 2345 sine
726 2288 840 2344 nostra
862 2280 985 2344 factum
1007 2289 1058 2343 est
1080 2281 1296 2361 conscientia3
1327 2281 1437 2348 idiotae
1462 2284 1612 2350 forinseci

412 2406 471 2469 per
493 2383 706 2468 ignorantiam
729 2382 944 2467 deliquerunt,
959 2393 994 2447 et
1007 2382 1238 2468 vapulabunt.'’
1283 2385 1369 2450 Ecce
1384 2409 1481 2471 quam
1497 2388 1611 2453 decen-

411 2495 462 2550 ter
476 2485 620 2550 excusati
634 2494 721 2550 sunt.
767 2484 863 2550 Certe
884 2507 948 2551 non
968 2485 1064 2550 nobis
1078 2487 1259 2571 ignorantia
1273 2489 1401 2554 videtur
1414 2491 1477 2556 hoo
1492 2501 1611 2569 actum,

412 2588 470 2652 sed
500 2588 602 2652 multa
626 2588 703 2651 mali
728 2587 873 2666 scientia,
898 2597 932 2654 et
968 2588 1069 2653 idiota
1094 2588 1283 2653 maledictus
1313 2591 1353 2655 ad
1383 2593 1466 2656 mala
1495 2593 1611 2676 procli·

411 2690 492 2754 vior.
544 2688 764 2754 Excusatione
792 2698 902 2753 tamen
932 2691 1087 2774 proedicta
1124 2713 1159 2755 se
1195 2699 1329 2755 tuentur
1358 2691 1544 2758 claustrales
1570 2695 1609 2758 de

411 2789 549 2875 negotiis
579 2790 634 2875 qui
663 2791 741 2854 foris
771 2790 980 2875 prodigaliter
1004 2793 1099 2871 fiunt,
1128 2792 1355 2878 inponuntque
1379 2793 1531 2858 fratribus
1556 2795 1611 2879 qui

412 2893 483 2958 sine
511 2893 592 2978 ipsis
621 2891 703 2956 nihil
731 2902 871 2976 possunt
895 2894 1009 2960 facere.
1054 2895 1196 2960 Videant
1219 2893 1318 2978 igitur
1341 2893 1473 2959 abbates
1499 2917 1611 2960 casum

413 2997 489 3082 Ely,
511 2996 566 3081 qui
587 2995 671 3060 filios
693 3015 761 3058 non
784 2995 963 3081 corripiunt
981 3019 1041 3062 nec
1064 2995 1237 3080 corrigunt,
1260 2994 1318 3058 sed
1333 2995 1460 3059 silentio
1475 3018 1611 3061 consen·

411 3099 509 3178 tiunt,
524 3108 558 3164 et
573 3119 734 3163 consensu
747 3097 881 3163 incitare
896 3100 1058 3164 videntur.
1106 3097 1260 3164 Similiter
1274 3096 1308 3160 in
1323 3097 1475 3162 omnibus
1486 3099 1612 3184 proedo-

411 3224 492 3266 num
523 3201 636 3267 castris
657 3200 705 3280 fit,
728 3200 803 3286 quia
823 3201 954 3286 quidam
986 3201 1075 3266 domi
1105 3200 1258 3278 resident,
1281 3199 1413 3283 quidam
1437 3199 1472 3263 in
1501 3202 1612 3286 praede

410 3304 544 3384 abeunt,
564 3303 622 3368 sed
647 3324 714 3367 non
740 3305 897 3368 mentitur
911 3304 1019 3368 David
1034 3302 1090 3389 qui
1110 3305 1202 3388 justo
1224 3302 1347 3388 judicio
1372 3301 1499 3380 diffinit,
1522 3304 1609 3388 quod

410 3428 504 3493 aequa
518 3415 569 3473 est
582 3427 657 3491 pars
672 3405 898 3470 descendentis
913 3407 947 3470 in
962 3405 1110 3492 praelium
1126 3413 1160 3469 et
1173 3401 1369 3468 remanentis
1384 3402 1425 3466 ad
1440 3403 1609 3486 sarcinasss

410 3510 454 3574 vi
468 3509 616 3594 nunquid
629 3508 706 3574 licet
721 3509 945 3574 claustralibus
965 3509 1083 3576 clausis
1098 3508 1199 3572 oculis
1215 3506 1347 3584 exiberi,
1370 3505 1447 3571 etsi
1464 3504 1609 3572 balatum

410 3612 571 3678 audierint
584 3611 680 3691 hredi,
703 3632 813 3676 nonne
827 3633 903 3676 cum
921 3612 1026 3678 'lobia
1040 3611 1213 3677 dicendum
1227 3617 1288 3687 est,
1308 3608 1382 3674 vide
1405 3627 1447 3670 ne
1472 3608 1610 3674 furtivus

441 3813 458 3848 ¹⁰¹
486 3815 617 3878 Pontigny,
650 3830 666 3863 a
694 3815 832 3864 cistercien
859 3815 939 3878 abbey
965 3814 993 3864 in
1058 3814 1177 3876 tllleg.
1191 3811 1227 3878 (l.
1241 3809 1318 3874 Sam.)
1329 3825 1386 3860 xxx.
1399 3811 1441 3858 tt.
1452 3809 1536 3872 AEqua
1547 3808 1611 3858 enirn

409 3895 511 3955 France,
529 3897 556 3944 in
567 3897 610 3944 the
622 3895 720 3944 diocese
731 3895 759 3943 of
767 3895 888 3945 Auxerre.
1026 3911 1083 3960 pars
1094 3897 1142 3945 erit
1153 3893 1324 3944 descendentia
1334 3893 1365 3940 ad
1376 3890 1490 3956 prelium
1498 3896 1524 3938 et
1533 3903 1612 3939 rena·

441 3983 461 4037 †
478 3975 590 4024 Juvenal
603 3977 655 4026 Sat.
666 3977 700 4024 vi.
711 3977 761 4025 liae
773 3979 831 4024 280.
865 3977 919 4026 The
934 3977 993 4027 MS.
1027 3977 1109 4027 nentis
1120 3977 1152 4026 ad
1163 3976 1279 4034 sudum,
1291 3977 1317 4024 et
1328 3973 1441 4024 similiter
1453 3970 1572 4022 divident.

408 4056 480 4106 reads
491 4057 623 4120 corruptly,
639 4057 689 4106 Dte
699 4057 769 4106 rodes
779 4059 895 4120 aliquem,
908 4059 958 4107 die.
