3650 4852
364 501 384 558 6
801 509 990 556 ansarum
1014 506 1136 553 ussus
1398 499 1519 564 [nntius.
1531 499 1554 552 1.

363 669 546 754 poemru'm.
591 663 658 730 Hic
678 671 788 730 tamen
818 660 934 728 dubito
967 682 1009 726 an
1038 681 1110 725 eam
1131 664 1218 724 recte
1247 648 1450 718 diffinierims
1479 649 1572 720 locus

363 779 475 834 tumen
488 767 618 833 videtur
639 785 722 845 esse,
748 785 808 830 nec
822 784 899 850 ergo
912 762 1079 839 infernus3
1105 757 1173 824 imo
1187 763 1274 822 certe
1289 753 1442 839 quicquid
1456 753 1573 838 aliquis

364 871 419 937 vel
435 869 549 956 aliqum
558 867 594 934 in
609 865 816 946 recontinet,
841 864 932 930 locus
955 863 1018 928 dici
1029 869 1149 947 potest.
1193 857 1244 924 Sit
1258 877 1334 942 ergo
1348 857 1462 935 locusr
1484 855 1574 924 vido·

365 997 459 1040 amus
475 973 504 1039 si
517 971 654 1059 poenalis
669 970 742 1057 quis
752 969 799 1035 ibi
814 968 987 1047 cruciatos,
1001 965 1057 1052 qui
1071 986 1139 1030 nou
1154 963 1199 1028 sit
1211 961 1265 1026 hic
1275 959 1520 1045 multiplicatus.

798 1169 853 1236 De
870 1167 1016 1235 Tanton.
1059 1165 1135 1250 [iii]

410 1305 502 1371 Num
515 1302 562 1370 ibi
575 1301 683 1390 legisti
699 1301 872 1367 Tantalum
882 1301 1039 1388 fugientia
1053 1308 1237 1386 captantem
1249 1321 1268 1364 a
1282 1297 1380 1364 lsbn's
1395 1296 1531 1364 flumina
1540 1299 1574 1364 ?*

365 1407 435 1472 Hic
449 1407 570 1472 multos
584 1406 677 1471 vides
691 1403 778 1469 bona
802 1402 892 1468 sitire
914 1405 1072 1489 proxima,
1097 1426 1168 1490 quas
1188 1425 1257 1468 non
1273 1412 1527 1488 consequuntur,
1542 1411 1576 1468 et

365 1507 489 1573 similes
503 1503 728 1571 haurientibus
742 1503 778 1569 in
791 1504 1049 1591 apprehensione
1064 1503 1143 1571 falli.

813 1694 868 1757 De
883 1694 1031 1777 Sisypho.
1074 1691 1133 1759 iiii.

414 1823 575 1912 Sisyphus
589 1823 636 1889 ibi
651 1845 765 1889 saxum
780 1823 820 1890 ab
846 1824 914 1890 imo
937 1825 1029 1891 vallis
1054 1826 1095 1891 ad
1120 1823 1266 1912 praecelsi
1289 1821 1411 1888 montis
1426 1831 1578 1908 apportat

367 1927 535 2008 verticem,
558 1927 646 2013 quod
665 1928 827 2016 relapsum
842 1927 1044 2014 relapsurum
1060 1951 1079 1994 a
1095 1930 1176 1995 velle
1190 1920 1325 1995 revehit.
1370 1923 1456 1989 Sunt
1469 1933 1503 1990 ct
1523 1924 1578 1990 hic

371 2027 466 2094 multi
486 2027 541 2112 qui
556 2034 701 2092 montem
721 2026 846 2092 ascensi
858 2027 1042 2092 divitiarum
1054 2027 1101 2091 nil
1110 2037 1219 2093 actum
1230 2036 1360 2112 putant,
1371 2036 1405 2092 et
1412 2027 1576 2112 relapsum

368 2131 404 2196 in
423 2129 565 2196 avaritia
583 2129 700 2194 vallem
722 2130 868 2195 animum
885 2150 1035 2197 revocare
1054 2141 1213 2197 conantur
1235 2130 1277 2195 ad
1300 2140 1446 2195 montem
1469 2130 1576 2195 adhuc

370 2233 568 2314 ulteriorem,
584 2254 649 2318 quo
660 2232 791 2319 quidem
809 2232 987 2298 consistere
1002 2256 1068 2298 non
1079 2244 1200 2321 potest,
1212 2233 1287 2321 quia
1302 2232 1578 2318 contemplatione

368 2333 555 2418 cupitorum
563 2331 725 2396 vilescunt
734 2331 861 2418 adepta.
874 2331 1029 2398 Corillud
1037 2332 1120 2400 bene
1130 2345 1335 2420 comparatur
1344 2357 1423 2401 saxo
1433 2335 1578 2423 Sisyphi,

370 2436 446 2522 quia
460 2435 617 2520 scriptum
633 2441 716 2515 est‚†
729 2435 856 2501 'Pollam
872 2457 928 2502 cor
946 2436 1123 2522 lapideum,
1142 2447 1176 2503 ct
1197 2437 1282 2503 dabo
1302 2457 1465 2502 carneum.
1510 2438 1581 2502 Det

372 2538 536 2604 Dominus
560 2536 803 2602 concurialibus
829 2559 992 2619 csmeum,
1017 2548 1056 2604 ut
1080 2539 1115 2604 in
1138 2540 1244 2626 aliquo
1260 2539 1422 2605 montium
1442 2560 1579 2625 pausare

368 2635 490 2724 possit,
506 2632 568 2699 sibi
584 2655 670 2719 soepe
686 2634 841 2700 dissimile
857 2657 966 2722 super,
981 2637 1104 2720 subtra,
1119 2639 1213 2719 ultra,
1230 2639 1321 2710 citra.

839 2839 889 2902 Dc
908 2837 1030 2905 Istone.
1074 2864 1106 2909 v.

419 2969 515 3036 Ixion
530 2969 576 3035 ibi
590 2969 734 3036 volvitur
754 2972 789 3037 in
812 2983 892 3039 rota.
937 2975 1009 3043 Nec
1034 2977 1088 3044 hic
1103 2979 1223 3049 desunt
1248 2985 1392 3066 Ixiones,
1415 3007 1497 3072 quos
1522 3007 1582 3051 vo-

374 3071 517 3138 lubilitas
539 3082 670 3158 torquet
690 3073 843 3143 fortrmae.
884 3077 1079 3146 Ascendunt
1101 3083 1143 3147 ad
1165 3085 1313 3170 gloriam,
1335 3096 1437 3153 ruunt
1461 3089 1497 3153 in
1519 3089 1583 3153 mi·

376 3177 502 3256 seriam,
543 3185 737 3262 sperentque
771 3177 898 3264 dejecti,
933 3203 994 3247 nec
1028 3184 1090 3250 erit
1123 3186 1189 3252 ulla
1223 3190 1293 3256 dies
1323 3213 1386 3277 qua
1418 3213 1485 3256 non
1510 3191 1583 3256 haec

375 3277 534 3344 revolutio
548 3278 627 3358 fiat3
649 3273 772 3350 et'cum
787 3281 831 3347 sit
845 3282 988 3369 undique
1013 3285 1196 3354 timendum
1210 3290 1245 3356 in
1269 3302 1351 3374 rota,
1370 3293 1480 3357 nullus
1495 3293 1529 3357 in
1545 3315 1584 3358 ea

376 3381 447 3448 sinc
469 3403 527 3466 spe
553 3403 646 3446 casus
661 3391 722 3461 est,
737 3391 806 3446 tota
827 3385 1012 3453 terribiliter
1036 3390 1158 3472 horret,
1184 3403 1255 3460 tota
1280 3405 1394 3461 contra
1415 3405 1583 3476 constans,

375 3507 438 3552 nec
452 3485 560 3550 minus
575 3484 651 3550 inde
665 3483 794 3570 proficit
808 3486 989 3557 alliciendo.

570 3688 587 3723 *¹
605 3693 622 3720 ¹⁴
634 3690 754 3742 Tantalus
764 3708 779 3742 s
789 3693 863 3745 labris
874 3695 961 3748 sitiens
972 3698 1092 3764 fugientia
1103 3707 1187 3766 captat

637 3773 780 3825 nominer
1174 3783 1264 3835 llorst.
1279 3785 1324 3836 lib.
1336 3785 1354 3835 i.
1368 3786 1420 3836 sn.
1433 3787 1451 3836 i.
1464 3785 1507 3836 68.

408 3867 532 3926 †Erech.
550 3869 584 3917 xi.
606 3873 645 3922 19.
681 3872 743 3921 “at
764 3872 828 3922 dubo
856 3875 892 3924 eis
919 3890 961 3924 cor
993 3878 1581 3944 deumdccarnesomm,ctdahoeissorccr·

377 3963 463 4004 mam,
491 3955 516 3998 st
543 3951 659 4014 spirltum
684 3969 777 4002 novum
799 3955 906 4004 tribuam
934 3957 961 4005 iu
992 3962 1096 4010 neum.''

378 4029 513 4081 visceribus
535 4047 636 4081 eornm:
655 4041 680 4083 et
698 4034 808 4084 auferam
831 4053 874 4087 cor
896 4038 960 4100 lupi.
