3610 4852
209 495 341 558 captu]
617 494 664 537 na
691 494 799 538 sucre
824 494 1050 541 curtismunt,
1336 478 1396 548 167

192 663 305 726 furtim
334 671 369 726 et
390 661 558 746 improvisi
585 661 730 736 veniunt,
757 673 791 726 et
819 663 940 726 securis
967 663 1139 727 imminent
1168 661 1400 727 formidabiles.

194 763 365 830 Excitatur
379 766 420 829 ad
435 766 591 830 clamores
605 765 775 828 hominum
791 774 826 829 et
847 765 1012 851 clangores
1031 765 1186 830 lituorum
1209 765 1400 846 monachus,

194 889 293 954 seque
316 890 390 933 cum
416 867 483 931 suis
513 867 646 932 obvium
672 867 749 932 facit
771 867 931 932 hostibus.
978 867 1204 932 Conseruntur
1225 878 1259 932 et
1280 867 1319 932 fit
1340 871 1400 932 im-

193 969 296 1054 proba
325 970 521 1056 congressio,
546 969 622 1034 licet
642 969 767 1055 impar3
796 991 872 1034 nam
896 971 1018 1034 multos
1042 993 1082 1034 ex
1109 969 1178 1034 suis
1204 971 1245 1034 ad
1268 969 1399 1056 propria

194 1073 363 1138 remiserat
387 1073 589 1137 induciarum
612 1093 670 1156 spe
693 1073 882 1150 monachus,
897 1073 952 1158 qui
976 1083 1065 1136 stans
1087 1073 1122 1136 in
1144 1073 1251 1137 medio
1267 1095 1400 1138 suorum

196 1176 329 1240 inermis
348 1177 417 1261 jam
432 1175 653 1240 vacillantium
673 1175 803 1261 fereque
821 1175 1004 1240 cedentium
1020 1176 1188 1252 exclamat,
1203 1176 1402 1254 exhortatur,

195 1276 1401 1365 imperat,improperat,arguit,obsecrassefugientibusobjicit,omnibus-

195 1401 258 1464 que
273 1380 410 1465 peractis
420 1378 537 1464 quibus
549 1379 664 1442 armati
678 1389 818 1465 possunt
830 1379 871 1442 ab
886 1379 1001 1444 inermi
1013 1379 1143 1444 retineri
1158 1400 1218 1442 nec
1232 1400 1402 1463 prospera-

196 1484 250 1562 tis,
262 1504 334 1568 quae
344 1503 453 1546 secum
464 1481 580 1546 deferri
589 1491 785 1566 praeceperat
796 1481 837 1545 ad
850 1481 1031 1546 subsidium
1042 1503 1216 1566 casumque
1231 1481 1401 1545 fortuitum

197 1607 285 1650 arma
300 1584 427 1649 subitus
450 1584 490 1649 ab
510 1585 668 1670 armigero
683 1584 778 1668 rapit,
793 1593 826 1648 et
846 1584 886 1648 ad
908 1585 1023 1648 horam
1045 1584 1235 1649 inobediens
1258 1582 1319 1647 sub
1343 1606 1401 1668 spe

197 1689 403 1754 correctionis
418 1687 535 1765 induit,
553 1687 736 1771 militesque
752 1709 829 1751 suos
851 1710 918 1751 non
937 1688 1005 1772 jam
1029 1686 1146 1753 dubios
1170 1688 1226 1752 sed
1241 1688 1274 1752 in
1290 1687 1402 1753 certis·

198 1791 312 1856 simam
328 1791 457 1856 adactos
472 1791 582 1875 fugam
597 1789 637 1852 ad
652 1788 774 1853 bellum
789 1790 917 1869 retinet,
932 1791 1115 1876 multasque
1126 1812 1242 1855 manus
1257 1791 1401 1855 hostium

198 1917 262 1958 una
276 1893 421 1958 retundit
435 1893 578 1972 dextera,
592 1893 741 1956 timorem
758 1892 910 1956 cordibus
925 1892 1053 1972 incutit,
1064 1892 1205 1978 bellique
1216 1893 1403 1978 praevaricat

198 2005 361 2074 eventum,
377 2004 501 2060 mutata
516 1994 578 2058 sibi
592 1995 736 2058 hostium
748 1995 781 2057 in
798 1995 940 2079 praedam
955 1995 1098 2060 victoria.
1143 1995 1289 2080 Direptis
1305 1995 1402 2080 igitur

199 2099 310 2184 spoliis
325 2110 359 2162 et
372 2098 413 2162 ad
428 2107 542 2161 votum
558 2096 681 2174 divisis,
697 2097 775 2160 dum
790 2096 831 2160 ad
846 2096 975 2182 propria
990 2119 1064 2160 cum
1084 2097 1282 2161 exultatione
1296 2118 1403 2160 rever-

198 2202 288 2280 titur,
305 2201 381 2265 solis
397 2201 509 2265 ardore
524 2199 702 2263 monachus
718 2208 752 2262 et
766 2221 825 2262 sua
839 2199 1033 2285 pinguedine
1048 2221 1275 2283 armorumque
1298 2200 1402 2284 gravi·

198 2315 265 2370 tate
281 2304 496 2369 dissuetorum
512 2323 595 2388 pene
610 2302 797 2380 suffocatur,
808 2302 937 2366 vineam
948 2312 1039 2366 extra
1051 2303 1164 2366 seriem
1180 2303 1402 2367 itinerantium

199 2429 300 2494 puero
331 2406 503 2471 comitatus
533 2404 723 2489 ingreditur,
753 2403 914 2488 armisque
947 2405 1103 2489 depositis
1132 2427 1243 2469 auram
1275 2415 1403 2491 captare

200 2511 333 2596 satagit,
360 2519 394 2575 et
413 2531 487 2574 ecce
510 2531 550 2573 ex
572 2508 723 2572 hostibus
738 2508 908 2573 insidiator
927 2507 1043 2573 balista
1065 2510 1244 2595 ingreditur
1261 2531 1280 2573 a
1300 2519 1403 2595 tergo,

199 2615 412 2699 monachique
427 2622 540 2677 notata
552 2612 700 2676 nuditate
711 2611 793 2676 clam
805 2622 839 2676 et
854 2622 987 2697 repente
1001 2612 1112 2675 lethali
1122 2612 1247 2698 spiculo
1263 2614 1404 2697 perforat

198 2719 423 2803 improvisum,
439 2718 585 2800 clamque
600 2715 730 2779 recedit.
776 2715 884 2779 Sentit
900 2716 1076 2779 monachus
1089 2725 1226 2780 mortem
1238 2714 1272 2778 in
1283 2716 1403 2800 januis,

200 2821 346 2885 confiteri
375 2819 476 2905 cupit,
506 2841 566 2883 nec
595 2819 688 2881 adest
712 2827 829 2902 proeter
854 2839 990 2902 puerum
1014 2818 1065 2881 cui
1088 2819 1203 2902 possit.
1248 2818 1402 2903 Ineptum

200 2945 275 2987 eum
290 2923 331 2986 ad
347 2923 409 2986 hoc
424 2923 584 3007 intelligit,
594 2931 737 2985 attamen
755 2921 906 3005 quianon
921 2930 1031 3006 potest
1046 2921 1135 3000 alias,
1145 2921 1210 3005 ipsi
1221 2921 1404 3004 confitetur,

200 3035 234 3090 et
248 3047 355 3090 coram
371 3047 410 3089 eo
425 3035 528 3088 totam
544 3023 682 3088 effundit
703 3023 855 3099 animam,
879 3033 1012 3107 oratque
1036 3023 1260 3108 poenitentiam
1287 3046 1402 3089 secun·

200 3128 279 3192 dum
293 3138 425 3212 peccata
440 3126 517 3191 dari.
556 3127 640 3190 Puer
651 3148 686 3190 se
700 3125 781 3189 nihil
797 3125 860 3189 tale
875 3125 995 3189 vidisse
1015 3125 1066 3190 vel
1081 3125 1209 3190 audisse
1225 3149 1299 3191 cum
1311 3129 1402 3212 jura·

200 3241 312 3296 mento
327 3231 414 3295 dicit
460 3229 644 3293 Monachus
667 3228 769 3292 instat
792 3229 924 3306 orando,
949 3228 1151 3313 pedibusque
1166 3215 1258 3313 pueri
1272 3229 1401 3313 provol-

200 3334 298 3412 vitur,
322 3343 356 3398 et
381 3331 607 3416 alicujusmodi
630 3352 689 3414 pro
714 3331 855 3414 peccatis
878 3331 1090 3394 inflictionem
1114 3329 1184 3393 fieri
1205 3329 1402 3394 omnimodis

202 3445 324 3513 exorat,
347 3455 486 3518 cumque
508 3455 573 3496 non
598 3430 726 3516 proficit
746 3440 784 3494 ut
807 3429 848 3494 ab
874 3431 947 3515 ipso
970 3439 1160 3514 extorqueat
1181 3430 1268 3514 quod
1290 3430 1403 3508 nescit,

201 3546 337 3621 urgente
352 3535 466 3600 mortis
481 3534 616 3599 articulo
632 3533 729 3598 docet
742 3555 816 3597 eum
833 3534 955 3613 dicens,
980 3537 1002 3570 ‘⁶
1011 3532 1185 3596 Carissime
1200 3533 1256 3608 fili,
1271 3533 1403 3616 injunge

203 3638 283 3704 mihi
298 3649 335 3702 ut
351 3639 394 3701 sit
407 3637 514 3702 anima
529 3658 600 3701 mea
615 3637 648 3700 in
663 3637 833 3701 tormentis
853 3647 887 3701 et
911 3637 944 3700 in
964 3635 1043 3700 locis
1058 3635 1199 3699 cruciata
1223 3634 1404 3720 poenalibus

203 3743 273 3806 sine
288 3740 527 3805 intermissione
541 3760 645 3825 usque
660 3739 701 3802 ad
717 3739 803 3803 diem
818 3739 944 3823 judicii,
959 3737 1138 3803 dummodo
1153 3759 1212 3822 per
1226 3737 1404 3802 misericor-

202 3844 289 3909 diam
307 3842 430 3907 Christi
445 3851 524 3906 tunc
539 3842 626 3905 salve
640 3841 729 3905 fiat.''
773 3841 899 3904 Annuit
920 3841 983 3904 hoc
1002 3862 1093 3925 puer,
1114 3849 1147 3903 et
1165 3837 1200 3901 id
1226 3838 1255 3901 ei
1281 3838 1401 3903 eisdem

202 3946 310 4012 verbis
325 3944 453 4010 inflixit.
497 3945 648 4009 Decessit
663 3954 771 4008 autem
788 3945 964 4009 monachus
985 3943 1020 4007 in
1042 3943 1107 4007 fide
1123 3941 1256 4022 Christi,
1271 3950 1305 4006 et
1318 3941 1405 4007 bona

204 4071 262 4136 spe
277 4048 477 4132 ferventique
492 4045 690 4132 poenitentiae
706 4045 785 4109 zelo.
