3610 4852
242 573 302 635 esp.
316 571 362 634 ia]
626 571 672 613 na
691 571 801 615 soors
819 571 1043 615 cunrnaruu.
1367 557 1428 616 169

224 738 397 803 derabilius
408 761 443 803 es
459 749 588 824 recepta
602 759 745 824 presaga
760 738 927 805 declinasti
940 739 1132 804 sententia.”
1183 740 1243 804 llla
1255 749 1321 804 tam
1333 739 1428 804 inno-

224 849 334 905 eenter
355 851 389 904 et
410 839 605 904 collumbine
627 841 806 924 respondit,
829 850 866 904 ut
887 843 997 906 credas
1021 843 1166 927 angelam
1188 842 1331 906 locutam
1354 863 1425 926 quae

221 945 326 1030 possit
349 944 498 1029 angelum
522 943 669 1028 quemvis
684 943 725 1006 ad
740 953 816 1008 vota
830 944 957 1009 fallere:
974 950 994 982 “
1002 946 1078 1009 Flos
1090 946 1249 1031 juvenum
1265 944 1423 1023 amabilis,

223 1061 257 1110 et
286 1046 496 1111 desiderabile
519 1047 630 1110 lumen
656 1046 836 1126 hominum,
862 1069 929 1111 non
957 1069 1008 1112 rne
1033 1049 1086 1113 hic
1114 1048 1224 1112 attulit
1247 1058 1426 1134 spontanea

224 1149 438 1236 providentia,
454 1149 510 1214 sed
526 1171 618 1214 casus
634 1149 768 1213 invitam
784 1149 924 1228 advexit,
936 1173 988 1214 me
1004 1173 1077 1215 com
1101 1160 1191 1236 patre
1214 1173 1288 1216 meo
1308 1149 1426 1234 nuptui

225 1251 414 1316 tradendam
431 1251 497 1336 regi
514 1251 723 1328 Francorum,
739 1251 779 1314 ad
795 1251 865 1314 haec
883 1250 993 1316 littora
1006 1251 1084 1316 ratis
1099 1252 1132 1315 vi
1148 1251 1350 1336 tempestatis
1364 1251 1426 1314 im«

224 1353 327 1438 pulsa,
349 1372 413 1436 qus
428 1373 501 1416 cum
517 1372 645 1435 egressa
659 1373 765 1415 essem
788 1352 847 1416 hac
871 1353 939 1417 sola
965 1375 1036 1438 quae
1051 1353 1144 1418 vobis
1161 1353 1337 1436 astat-(et
1352 1375 1425 1417 ecce

223 1454 349 1520 astabat
358 1454 719 1539 puella‚)-eomitante‚
730 1476 807 1518 aura
817 1455 938 1519 turbini
948 1457 1140 1520 succedente
1152 1477 1315 1541 prospera,
1327 1456 1425 1540 pleno

224 1581 297 1623 curn
314 1569 403 1643 patre
418 1557 573 1622 recedunt
587 1567 694 1620 nautae
712 1557 793 1620 velo.
839 1557 913 1621 Scio
926 1566 1035 1621 autem
1044 1558 1132 1643 quod
1144 1579 1217 1622 cum
1230 1579 1283 1621 me
1295 1555 1425 1622 scierint

224 1661 348 1740 abesse,
362 1683 435 1726 cum
448 1661 621 1746 lachrymis
637 1661 701 1724 huc
716 1669 928 1725 revertentur.
971 1661 1127 1726 Attamen
1142 1683 1183 1725 ne
1198 1683 1251 1724 me
1277 1661 1345 1745 lupi
1366 1661 1425 1726 ho·

224 1765 367 1830 minasve
383 1764 513 1849 maligni
529 1765 688 1830 devorent
706 1764 758 1828 vel
779 1773 951 1842 attentent,
967 1763 995 1827 si
1011 1764 1091 1828 mihi
1113 1764 1308 1828 innocentiae
1326 1763 1424 1828 fidem

223 1867 359 1946 dederis,
375 1889 434 1952 pro
449 1877 482 1932 te
493 1866 637 1952 tuisque,
647 1876 754 1931 tecum
771 1888 831 1952 pro
846 1877 992 1952 ternpore
1008 1867 1201 1946 remaneb03
1225 1889 1300 1931 narn
1321 1867 1423 1932 tutius

223 1979 273 2034 est
287 1981 322 2034 et
336 1970 496 2034 salubrius
513 1979 549 2032 ut
565 1992 617 2033 me
632 1967 691 2034 tibi
704 1969 931 2033 commendem
946 1969 1098 2052 usquein
1113 1969 1205 2033 navis
1227 1969 1423 2033 redditum.'’

225 2072 356 2152 Henn0,
380 2074 435 2158 qui
459 2073 617 2148 desideria
641 2094 708 2134 non
732 2073 826 2136 deses
847 2071 975 2135 auditor
989 2069 1149 2155 intelligit,
1165 2071 1274 2134 omnia
1289 2070 1345 2134 dat
1365 2071 1424 2134 im-

224 2178 312 2263 pigre
328 2199 528 2262 quaecunque
550 2185 718 2261 petuntur,
733 2185 767 2239 et
788 2175 977 2239 thesaurum
1000 2173 1170 2237 inventum
1185 2193 1259 2237 cum
1282 2173 1423 2237 maximo

224 2282 323 2344 animi
342 2281 446 2363 jubilo
468 2289 622 2364 reportat,
637 2280 765 2364 utrique
788 2287 940 2363 quantam
959 2285 1069 2362 potest
1091 2275 1248 2339 adhibens
1268 2276 1422 2340 loetitiam.

222 2383 408 2447 Introducit
421 2391 455 2446 et
478 2380 540 2445 sibi
563 2380 768 2444 matrimonio
791 2379 934 2444 nobilem
959 2379 1047 2442 illam
1065 2378 1282 2464 pestilentiam
1305 2377 1424 2463 jungit,

223 2485 441 2570 custodiaeque
457 2483 568 2549 matris
584 2505 651 2548 sure
674 2485 818 2568 deputat,
841 2492 875 2546 et
895 2503 934 2546 ex
956 2481 1012 2546 illa
1031 2482 1279 2565 pulcherrimam
1300 2481 1423 2565 prolem

222 2591 368 2655 suscitat.
415 2590 578 2674 Frequens
594 2597 663 2652 erat
684 2586 717 2649 in
733 2585 868 2651 ecclesia
889 2594 1001 2664 mater,
1016 2584 1070 2648 illa
1085 2585 1293 2670 frequentior,
1309 2585 1425 2668 orpha-

222 2715 339 2757 norum
354 2703 387 2757 et
401 2690 571 2756 viduarum
586 2700 620 2753 et
634 2689 779 2752 omniurn
802 2686 895 2772 panis
911 2687 1075 2770 egentium
1098 2687 1152 2751 illa
1174 2686 1275 2768 magis
1297 2695 1333 2749 ut
1358 2687 1423 2750 fine

221 2795 393 2860 concludat
408 2803 520 2879 optato
536 2791 691 2856 malitiam
706 2811 837 2855 omnem
852 2790 886 2853 in
902 2801 1080 2875 conspectu
1095 2790 1265 2854 hominurn
1281 2791 1425 2874 complet

221 2898 379 2975 letitiam,
409 2906 545 2980 excepto
579 2895 667 2980 quod
706 2893 927 2978 aspersionem
964 2913 1055 2977 aquoe
1090 2893 1270 2958 benedictae
1300 2892 1426 2956 vitabat

221 3001 398 3084 horamque
419 2998 563 3083 corporis
585 2997 739 3062 dominici
755 3007 789 3060 et
804 2996 970 3082 sanguinis
986 2996 1178 3061 conficiendi
1193 3005 1288 3061 cauta
1303 3018 1425 3080 praeve-

222 3104 343 3182 niebat,
358 3104 433 3188 fuga
448 3103 598 3166 simulata
611 3101 820 3165 multitudine
832 3101 884 3164 vel
898 3100 1039 3185 negotio.
1086 3101 1194 3163 Mater
1209 3101 1271 3164 hoc
1289 3101 1423 3164 Henno-

222 3208 274 3271 nis
296 3207 445 3284 advertit,
465 3207 618 3290 justaque
641 3203 825 3289 suspicione
848 3204 986 3267 sollicita
1006 3213 1123 3267 cuncta
1147 3215 1308 3281 metuens,
1325 3204 1425 3267 instat

221 3309 401 3375 arctissima
412 3309 583 3372 sedulitate
596 3308 731 3373 scrutari
743 3307 903 3392 quidhoc.
950 3307 1019 3372 Scit
1027 3329 1098 3371 earn
1110 3305 1224 3371 diebus
1240 3307 1423 3384 dominicis,

222 3425 299 3499 post
319 3434 436 3498 aquam
459 3412 568 3475 datam
594 3409 762 3475 ecclesiam
788 3409 911 3493 ingredi
938 3417 971 3472 et
996 3409 1272 3473 consecrationem
1303 3409 1422 3492 fugere,

221 3517 315 3601 eujus
330 3525 368 3580 ut
384 3515 464 3579 sciat
480 3536 622 3593 causam,
645 3513 774 3577 modico
798 3522 984 3595 secretoque
1000 3510 1157 3574 foramine
1172 3512 1257 3574 facto
1273 3510 1305 3574 in
1321 3511 1424 3574 thala·
1514 3601 1518 3608 Ι

221 3642 311 3685 mum
326 3619 397 3703 ejus
412 3617 553 3681 occultas
568 3615 674 3679 tendit
687 3614 830 3678 insidias.
875 3613 974 3677 Videt
988 3635 1058 3678 eam
1074 3613 1171 3698 igitur
1185 3635 1313 3677 summo
1328 3635 1423 3676 mane

221 3722 274 3787 die
289 3719 461 3796 dominica,
483 3739 614 3803 egresso
637 3719 676 3781 ad
692 3717 859 3781 ecclesiam
876 3716 1050 3794 Hannone,
1066 3714 1217 3779 balneum
1232 3717 1422 3801 ingressam,

220 3825 310 3890 etde
332 3822 547 3908 pulcherrima
569 3820 702 3885 muliere
718 3821 888 3884 draconem
905 3818 985 3899 fieri,
1001 3819 1082 3883 etin
1097 3820 1224 3884 modico
1240 3820 1424 3884 exilientem

221 3952 240 3992 a
254 3926 370 3992 balneo
387 3926 419 3988 in
435 3925 569 4010 pallium
588 3946 711 3988 novum
727 3923 814 4008 quod
830 3921 859 3986 ei
877 3922 984 4006 puella
1000 3933 1156 3986 straverat
1170 3934 1204 3988 et
1224 3922 1258 3985 in
1274 3921 1424 3986 minutis-

222 4031 304 4094 sima
318 4031 420 4092 frusta
435 4027 587 4092 dentibus
602 4027 683 4091 illud
699 4025 934 4103 concidentem,
950 4035 983 4088 et
997 4025 1072 4089 inde
1084 4025 1118 4088 in
1132 4026 1294 4110 propriam
1307 4025 1424 4090 reverti

221 4135 371 4208 formam,
396 4152 468 4214 quae
489 4129 700 4214 postmodum
727 4149 785 4213 per
814 4127 924 4191 omnia
953 4127 1051 4191 simili
1080 4140 1270 4212 argumento
1296 4128 1423 4192 famula

266 4253 381 4297 canu.
399 4252 472 4296 soc.
1231 4254 1249 4294 z
