3650 4852
395 529 438 588 46
833 538 1021 586 auxarum
1045 535 1167 582 ueras
1422 539 1544 601 [Daune.
1557 539 1580 588 1.

396 694 557 759 trinsecus
582 701 660 758 sunt
683 691 754 778 lupi
776 713 919 777 rapaces,
934 699 973 754 ut
994 688 1041 752 hii
1067 697 1190 753 stantes
1213 685 1247 750 in
1263 687 1389 772 angulis
1418 691 1599 776 platearum

398 808 502 877 orant,
539 807 577 862 ut
610 797 657 860 hii
682 796 819 860 dilatant
848 794 1045 879 philacteria,
1066 800 1106 855 ut
1130 790 1177 854 hii
1201 789 1409 874 magnificant
1433 793 1577 858 fimbrias
1589 817 1599 874 3

396 921 456 964 nea
482 899 595 964 dilatat
619 897 807 983 philacteria
832 899 888 982 qui
912 903 1120 961 conversatur
1145 893 1180 957 in
1206 893 1288 958 ooelo
1318 903 1353 958 et
1378 894 1434 974 ait,
1467 895 1598 960 “Mihi

396 1001 483 1064 absit
496 1000 634 1086 gloriari,
649 999 713 1063 nisi
734 999 769 1063 in
795 1020 889 1064 cruce
913 997 1050 1061 Domini
1073 993 1178 1060 nostri
1202 994 1325 1059 Jhesus
1341 994 1465 1061 Christi
1476 997 1508 1059 :’'
1530 1019 1599 1062 non

396 1102 574 1186 gloriantur
587 1101 621 1165 in
632 1123 726 1167 cruce
739 1100 873 1180 Christi,
884 1100 940 1186 qui
949 1100 1095 1165 cruciant
1105 1098 1185 1162 alios
1196 1106 1235 1160 ut
1244 1097 1321 1161 inde
1332 1097 1529 1182 glorientur3
1539 1099 1599 1164 sed

397 1203 490 1268 valde
505 1203 693 1288 philacteria
704 1202 838 1266 dilatare
852 1203 1015 1282 videntur,
1030 1201 1086 1286 qui
1096 1222 1131 1265 se
1147 1200 1234 1264 solos
1249 1197 1363 1264 dicunt
1379 1199 1550 1281 Hebraeos,
1565 1211 1600 1267 et

398 1326 512 1369 omnes
527 1304 607 1369 alios
623 1303 808 1389 AEgyptios.
853 1303 939 1368 Cum
955 1303 1126 1368 Pharisaeis
1141 1303 1263 1383 dicunt,
1278 1305 1300 1340 “
1315 1303 1393 1367 Non
1420 1326 1534 1369 sumus
1559 1315 1599 1370 ut

398 1406 505 1470 ooeteri
519 1404 723 1484 hominnm?
739 1404 796 1469 sed
812 1405 1014 1485 nundinum,
1031 1409 1054 1442 “
1065 1405 1217 1470 Decimus
1233 1405 1348 1471 damus
1363 1407 1510 1471 omnium
1525 1429 1598 1493 quse

397 1507 635 1591 possidemus.''
658 1506 745 1570 Cum
757 1528 796 1571 eo
807 1505 931 1587 dicunt,
943 1508 1022 1572 “De
1031 1506 1166 1592 singulis
1178 1507 1284 1588 nobis,
1295 1530 1357 1574 nec
1365 1517 1405 1572 ut
1418 1509 1481 1574 iste
1490 1509 1598 1594 publi·

399 1611 530 1686 canus,''
546 1618 580 1673 et
594 1630 655 1673 nos
668 1608 818 1686 dicimus,
833 1609 952 1673 “Deus
966 1609 1128 1694 propitius
1143 1619 1215 1674 esto
1230 1609 1326 1674 nobis
1340 1611 1597 1695 peccatoribus.”

399 1710 435 1774 Si
461 1708 643 1792 superbiam
671 1709 850 1773 exaudierit
872 1709 965 1776 Deus
980 1721 1014 1776 et
1027 1734 1094 1776 non
1120 1713 1263 1796 respexit
1276 1711 1504 1793 humilitatem,
1528 1715 1596 1779 reri

400 1810 628 1890 suntchrsei,
638 1833 700 1874 nos
712 1813 973 1898 autemAEgyptii
978 1837 987 1893 3
1002 1814 1029 1878 si
1038 1813 1104 1878 veri
1110 1823 1188 1876 sunt
1198 1813 1351 1878 Israelita
1357 1813 1528 1879 karitatem
1539 1815 1597 1880 ha·

399 1914 489 1993 bant,
502 1914 565 1978 Dei
577 1913 699 1978 scilicet
710 1914 915 1978 dilectionem
927 1923 960 1979 et
974 1913 1113 1999 proximi
1121 1939 1132 1993 3
1148 1913 1176 1977 si
1187 1913 1390 1999 persequitur
1401 1916 1596 2001 proximum,

400 2016 564 2103 quomodo
586 2017 704 2082 caritas
727 2017 791 2082 Dei
814 2027 865 2082 est
890 2017 924 2080 in
950 2015 1030 2081 illo?
1054 2014 1206 2100 bipartita
1235 2025 1286 2080 est
1310 2017 1418 2082 unitas
1444 2019 1596 2100 caritatis,

399 2117 599 2202 indulsitque
624 2117 749 2183 homini
768 2118 860 2182 Deus
876 2127 911 2182 et
924 2117 1024 2182 homo
1039 2127 1077 2181 ut
1095 2116 1333 2182 indivisibiliter
1347 2128 1483 2204 utraque
1504 2131 1596 2206 parte

398 2220 562 2304 glorietur,
577 2230 611 2285 et
624 2231 740 2285 neutra
753 2221 859 2305 possit
880 2221 950 2284 sine
962 2218 1062 2283 altera
1075 2219 1211 2304 placere.
1256 2220 1364 2286 Nemo
1385 2223 1506 2307 estqui
1528 2245 1596 2289 nou

398 2321 506 2407 aliquo
528 2322 667 2406 gaudeat
690 2321 848 2387 beneficio
874 2321 1009 2406 alicujus
1023 2321 1187 2400 hominis3
1210 2343 1306 2386 nemo
1329 2323 1429 2408 igitur
1450 2325 1506 2409 qui
1528 2348 1596 2391 uon

397 2423 517 2490 habeat
529 2426 726 2509 proximum.
772 2425 1070 2510 Quantumcunque
1093 2424 1191 2509 igitur
1213 2425 1309 2510 longe
1324 2436 1455 2491 arceant
1468 2429 1523 2513 qui
1538 2451 1596 2494 eoa

399 2537 621 2613 susceperunt,
637 2550 693 2592 eos
719 2538 830 2593 tamen
855 2527 1023 2613 proximos
1046 2525 1179 2606 habent,
1199 2548 1281 2611 quos
1308 2527 1336 2591 si
1350 2527 1501 2608 oderunt,
1516 2552 1597 2614 quo-

398 2629 496 2694 modo
506 2629 688 2693 Dominum
703 2629 862 2713 diligunt?
879 2628 955 2706 Sed,
970 2639 1010 2691 ut
1023 2628 1125 2706 aiunt,
1140 2626 1279 2712 diligunt
1287 2628 1321 2692 in
1336 2629 1483 2694 Domino
1490 2655 1501 2711 3
1525 2631 1597 2696 dili·

396 2752 471 2814 gere
486 2739 594 2794 autem
606 2730 640 2793 in
652 2730 797 2795 Domino
809 2729 974 2794 diffiniunt
983 2729 1066 2794 velle
1077 2729 1214 2794 salutern
1224 2730 1340 2794 animae
1350 2732 1509 2816 proximi:
1526 2755 1597 2799 cor·

396 2829 485 2916 poris
501 2851 597 2894 omne
612 2828 793 2894 subsidium
808 2829 996 2894 excludunt.
1042 2828 1096 2893 sic
1110 2839 1196 2894 certe
1212 2852 1301 2894 meos
1313 2853 1426 2898 omnes
1447 2834 1595 2900 inimicos

399 2933 508 3017 diligo,
523 2933 598 3017 quia
611 2931 763 2996 videlicet
778 2932 997 2996 dissolvantur
1011 2943 1045 2997 et
1060 2932 1126 2994 sint
1141 2952 1215 2995 eum
1232 2929 1375 2997 Christo.
1420 2935 1595 3001 Neminem

397 3055 542 3119 unquam
553 3043 620 3097 tam
636 3033 807 3098 crudeliter
821 3034 886 3112 odi,
901 3033 978 3117 quin
1001 3032 1152 3097 morienti
1167 3043 1283 3097 cuncta
1297 3035 1505 3117 dimitterem,
1519 3039 1595 3104 inde

399 3156 531 3200 securus
547 3135 630 3212 dico,
654 3134 824 3199 “Dimitte
844 3134 940 3200 nobis
965 3135 1075 3200 debita
1097 3144 1220 3214 nostra,
1245 3136 1330 3201 siout
1351 3147 1385 3202 et
1408 3161 1468 3203 nos
1485 3141 1528 3205 di.
1544 3143 1596 3206 de.

398 3236 552 3302 nostris.'’
598 3236 685 3302 Quia
700 3259 828 3302 mecum
843 3237 955 3302 odium
975 3259 1050 3302 cum
1072 3237 1204 3302 inimico
1226 3239 1365 3320 decedit,
1381 3244 1595 3308 etomniadi·

398 3338 506 3417 mitto,
515 3347 554 3402 ut
564 3338 694 3424 cupiam
702 3359 778 3402 eum
786 3339 821 3403 in
832 3339 906 3403 sinu
916 3340 1056 3404 Abrahae
1071 3339 1210 3424 gloriari.
1238 3341 1594 3430 Utilliprosequuntur

397 3450 432 3507 et
446 3449 556 3504 amant
565 3440 689 3504 viscera
703 3441 850 3506 claudere
859 3443 950 3506 fratri
965 3443 1044 3506 dum
1056 3451 1138 3527 eget,
1149 3442 1228 3526 quid
1242 3446 1315 3508 est?
1330 3467 1441 3511 nonne
1455 3448 1594 3534 amplius

396 3553 448 3610 est
487 3541 642 3608 afflictum
679 3542 894 3608 mortificare?
960 3543 1136 3611 Quomodo
1175 3545 1267 3610 sedet
1304 3545 1338 3610 in
1366 3547 1480 3632 rapina
1516 3550 1593 3614 cari-

396 3657 457 3725 tas,
486 3667 558 3731 quae
595 3666 662 3708 non
684 3645 751 3730 agit
785 3649 977 3731 perperam?
1024 3646 1199 3712 Quomodo
1225 3659 1336 3716 manet
1371 3650 1406 3714 in
1438 3653 1594 3736 jactantia

396 3770 469 3834 quse
490 3769 555 3811 uon
571 3747 725 3810 inflatur?
772 3747 947 3813 Quomodo
971 3746 1033 3812 sibi
1056 3749 1196 3814 alienum
1218 3753 1405 3837 appropriat
1425 3755 1594 3835 violenter,

395 3871 468 3934 quaa
490 3870 558 3912 non
579 3849 694 3933 quaerit
716 3871 787 3933 quae
814 3872 872 3914 sua
887 3855 985 3916 sunt?
1031 3852 1206 3918 Quomodo
1228 3855 1354 3939 peculio
1377 3856 1498 3934 studet,
1522 3879 1593 3942 quae

396 3972 463 4014 non
479 3959 529 4014 cst
543 3949 734 4014 ambitiosa?
781 3951 955 4018 Quomodo
970 3976 990 4017 a
1002 3955 1114 4037 patriis
1128 3968 1215 4020 arcet
1230 3978 1324 4021 avara
1337 3957 1457 4022 finibus
1471 3957 1593 4024 incolas

396 4074 469 4138 quoe
493 4050 631 4136 benigna
654 4053 726 4116 est?
773 4053 948 4120 Quomodo
971 4055 1113 4121 vicinum
1136 4078 1203 4121 non
1218 4060 1350 4141 patitur,
1373 4083 1446 4145 quse
1465 4060 1593 4145 potiens
