3610 4852
254 545 381 616 um]
595 554 642 596 us
660 555 770 598 nucis
788 557 1013 604 commun.
1359 544 1424 618 287

220 720 332 804 quavis
364 720 492 806 injuris,
521 721 652 786 fremuit
679 723 864 810 objurgans.
910 727 974 792 Die
1004 727 1161 793 cessionis
1190 730 1335 815 praedicti
1365 732 1426 797 viri

218 823 414 888 beatificavit
431 845 506 888 eum
532 824 684 889 dominus
706 848 764 892 rex
788 829 976 894 cancellaria
1003 854 1073 911 sua,
1097 831 1302 918 sigillumque
1331 855 1426 898 suum

219 928 376 1012 appendit
390 928 474 993 collo
488 929 691 1012 gratulantis,
707 932 794 1015 quod
816 933 887 1018 ipse
910 935 1066 1019 praedicto
1082 936 1164 1021 Map
1179 937 1356 1001 ostendens
1371 937 1426 1016 ait,

219 1032 371 1095 “Omnia
386 1041 554 1097 cesserunt
569 1033 629 1097 tibi
644 1034 684 1096 ad
699 1047 816 1100 nutum
832 1037 873 1100 de
888 1037 992 1122 sigillo
1007 1041 1117 1124 gratis,
1139 1053 1173 1104 et
1192 1062 1232 1105 ex
1258 1041 1321 1105 hoc
1338 1063 1426 1106 nunc

218 1156 279 1198 nec
293 1157 395 1198 unum
411 1134 618 1221 extorquebis
633 1135 834 1202 breviculum
849 1137 926 1203 inde
941 1140 1029 1224 quod
1044 1163 1112 1205 non
1127 1141 1266 1206 redimas
1287 1152 1426 1227 quatuor

217 1238 392 1302 nummis.”
438 1238 501 1302 Cui
531 1239 624 1323 Map,
652 1240 756 1304 “Deo
784 1241 921 1325 gratias!
955 1240 1043 1307 bono
1074 1265 1148 1309 meo
1176 1245 1313 1329 gradum
1338 1246 1426 1310 hunc

218 1339 402 1420 ascendisti,
418 1341 624 1424 quorundum
649 1341 864 1407 infortunium
898 1344 1035 1409 aliorum
1060 1367 1230 1410 successus
1257 1357 1318 1426 est,
1338 1371 1424 1413 anno

218 1443 381 1526 praeterito
397 1455 535 1529 quatuor
549 1465 671 1509 marcas
687 1446 833 1530 exegisti,
848 1468 936 1512 nunc
951 1458 1091 1532 quatuor
1114 1448 1297 1514 denarios.”
1342 1451 1425 1516 Post

218 1545 288 1609 haec
302 1555 422 1626 autem,
437 1569 512 1611 cum
527 1569 672 1611 essemus
687 1549 722 1612 in
737 1550 936 1635 Andegavia,
950 1551 1150 1635 vidissetque
1175 1552 1225 1616 vir
1249 1552 1304 1616 ille
1318 1553 1424 1638 regius

218 1647 400 1714 walterum
415 1672 435 1713 a
449 1649 684 1715 Constantiis*
700 1651 741 1714 ad
756 1653 937 1737 dompnum
953 1654 1129 1718 Ricardum
1155 1653 1424 1721 Cantuariensem

218 1753 496 1839 archiepiscopum
525 1754 643 1831 vocari,
673 1757 929 1821 consecrandum
954 1757 996 1821 ad
1022 1760 1247 1844 episcopatum
1276 1757 1317 1822 ab
1350 1758 1423 1843 ipso

218 1857 427 1941 resignatum,
451 1855 578 1941 aperuit
601 1856 724 1922 invidia
748 1867 827 1923 tunc
850 1859 962 1924 oculos
985 1860 1066 1944 ejus,
1089 1871 1124 1924 et
1145 1860 1328 1944 obstupuit,
1350 1869 1424 1924 tan·

219 1958 358 2042 demque
372 1957 548 2042 resumptis
567 1945 690 2021 viribus
706 1959 890 2044 appellavit.
937 1961 1104 2044 Mitigavit
1118 1983 1194 2026 eum
1210 1961 1375 2040 dominus,
1391 1971 1425 2026 et

217 2060 369 2144 promisit
393 2061 423 2124 ei
448 2060 571 2125 reditus
596 2083 678 2145 quos
701 2062 735 2124 in
758 2063 915 2126 electione
940 2064 1134 2148 perdiderat.
1179 2065 1257 2150 Ipse
1279 2087 1357 2130 vero
1372 2066 1425 2130 cui

218 2172 297 2227 tunc
319 2163 462 2248 primum
476 2164 585 2228 visum
600 2175 661 2243 est,
677 2157 827 2229 secunda
845 2187 919 2229 cum
944 2166 1134 2251 episcopatu
1149 2167 1248 2230 simul
1266 2167 1423 2248 amisisse,

219 2263 288 2327 sine
304 2285 362 2349 spe
376 2265 530 2328 talionem
545 2265 736 2330 redibuisse.
775 2265 901 2330 Videns
916 2287 992 2351 ergo
1005 2267 1098 2352 Map,
1110 2268 1166 2352 qui
1178 2289 1245 2332 suoe
1260 2269 1423 2352 quondam

217 2366 400 2451 praebendae
429 2368 603 2432 canonicus
629 2380 697 2432 erat
729 2368 924 2447 Lundoniis,
944 2370 1133 2455 ingeminat,
1148 2373 1311 2437 “Reddes
1340 2394 1423 2458 prae-

218 2468 358 2535 bendam
374 2493 478 2536 meam
504 2482 539 2536 et
559 2471 708 2536 nolens.'’
754 2472 854 2557 Maps
887 2473 1027 2538 “Immo
1042 2485 1129 2538 certe
1143 2476 1268 2554 volens,
1284 2476 1312 2538 si
1327 2486 1421 2560 potes

219 2573 327 2637 omnia
343 2595 416 2658 quae
431 2575 529 2658 gratis
545 2574 682 2637 amisisti
697 2595 756 2659 per
770 2575 900 2660 aliquod
914 2575 1081 2661 ingenium
1096 2579 1316 2663 recuperare.”

297 2805 535 2889 Recupitulatio
545 2810 702 2890 principii
717 2809 808 2890 hujus
823 2808 897 2872 libri
913 2809 950 2872 ob
966 2811 1184 2874 diversitatem
1199 2810 1297 2874 litero
1312 2820 1342 2875 et

643 2933 705 2976 non
719 2914 888 2976 sententie.
933 2912 988 2996 vij.

258 3081 463 3167 Augustinus
486 3083 564 3163 ait,†
590 3085 611 3120 “
624 3083 665 3146 ln
691 3093 837 3167 tempore
861 3105 934 3148 sum
957 3093 991 3148 et
1012 3084 1054 3148 de
1075 3093 1222 3170 tempore
1243 3085 1368 3170 loquor,
1388 3096 1422 3151 et

215 3183 325 3247 nescio
340 3185 419 3269 quid
434 3185 478 3248 sit
491 3185 655 3270 tempus.’'
700 3185 804 3250 Simili
820 3207 956 3271 possum
971 3186 1185 3252 admiratione
1201 3187 1317 3268 dicere,
1333 3188 1420 3272 quod

216 3285 251 3348 in
277 3287 366 3350 curia
392 3309 476 3366 sum,
496 3297 530 3352 et
555 3288 596 3352 de
621 3287 709 3352 curia
731 3289 857 3373 loquor,
884 3297 919 3352 at
941 3289 1020 3372 quid
1040 3288 1111 3373 ipsa
1127 3290 1250 3354 sitnon
1265 3290 1419 3374 intelligo.

218 3388 292 3454 Scio
318 3399 427 3454 tamen
454 3390 543 3476 quod
564 3391 636 3475 ipsa
663 3401 792 3475 tempus
806 3401 950 3455 nonest.
997 3390 1198 3475 Temporalis
1214 3393 1344 3476 quidem
1359 3401 1420 3470 est,

219 3490 382 3556 mutabilis
405 3501 439 3556 et
461 3491 558 3570 varie,
582 3491 693 3556 localis
720 3502 754 3556 et
779 3491 922 3570 erratica,
949 3500 1116 3577 statusque
1143 3493 1328 3558 diversitate
1358 3493 1420 3557 sibi

217 3615 303 3679 saepe
333 3593 508 3658 dissimilis.
563 3595 756 3659 Recedimus
787 3594 828 3658 ab
862 3617 900 3659 ea
928 3595 1123 3679 frequenter,
1153 3605 1187 3660 et
1219 3598 1419 3676 revertimur,

217 3695 301 3760 sicut
315 3705 488 3781 utrumque
504 3695 605 3760 dictat
618 3717 724 3760 rerum
740 3694 909 3780 exigentia.
955 3696 1041 3760 Cum
1063 3719 1134 3762 eam
1157 3697 1292 3776 enimus,
1315 3707 1418 3761 totam

249 3885 264 3913 ⁵
281 3882 377 3930 Walter
394 3883 424 3930 de
444 3881 583 3931 Coutauoes
603 3897 652 3930 use
666 3882 801 3930 sicechau·
834 3881 991 3930 consecrated
1011 3881 1044 3944 by
1060 3883 1102 3930 the
1114 3882 1263 3946 archbishop
1281 3883 1310 3932 ol
1319 3881 1419 3931 Canter-

217 3965 294 4013 cellcr
305 3963 464 4026 olEuglsnd.
489 3963 519 4012 In
532 3964 603 4022 118³,
614 3964 677 4012 after
688 3963 803 4025 Geoffrey
834 3963 897 4025 bury
908 3967 934 4010 at
944 3963 1035 4024 Anjou,
1046 3963 1127 4012 where
1138 3963 1181 4012 the
1191 3968 1263 4012 court
1273 3963 1333 4012 theu
1344 3978 1402 4014 was.

216 4046 265 4094 laed
278 4045 444 4108 relinquislred
455 4046 482 4104 it,
494 4046 536 4094 the
547 4060 588 4094 see
599 4045 628 4094 ol
638 4044 802 4094 Liocolnwss
866 4043 1014 4103 †Confess.
1034 4044 1079 4092 lib.
1100 4044 1134 4093 xi.
1153 4059 1207 4106 cap.
1232 4046 1273 4092 25.
1316 4045 1361 4094 Sec
1378 4045 1419 4094 tlre

217 4129 289 4190 gisen
306 4134 332 4177 to
352 4127 448 4176 Walter
464 4128 495 4176 de
512 4127 659 4185 Cantantes,
679 4127 733 4175 who
755 4141 803 4174 aas
836 4131 1047 4175 commencement
1057 4125 1086 4174 ol'
1095 4125 1145 4174 this
1156 4126 1264 4174 trectise.
