3610 4852
400 507 461 565 208
830 524 1020 568 concrum
1045 522 1167 566 narse
1415 520 1535 586 [bunne.
1547 525 1580 575 V.

393 699 448 753 tur
462 699 495 754 et
509 713 576 754 non
592 691 664 756 dico
680 703 877 772 meruerunt,
900 695 975 779 quia
990 715 1065 757 cum
1080 713 1139 776 ego
1159 690 1275 755 fuerim
1292 699 1470 757 vestratum
1488 715 1597 778 perse·

393 804 487 859 cutor
500 795 653 879 injustus,
675 806 783 860 vestra
798 818 926 881 semper
945 797 1008 859 fuit
1028 805 1062 860 et
1080 793 1250 859 laudabilis
1271 803 1305 858 et
1322 795 1412 880 justa
1432 797 1576 862 defensio
1587 823 1597 877 3

394 900 421 962 si
444 899 523 982 quid
548 910 656 964 autem
671 923 731 964 ros
753 902 859 964 adbuc
875 900 1017 984 scrupuli
1039 899 1092 964 vel
1112 898 1208 962 nubis
1227 921 1268 962 ex
1288 900 1403 964 merito
1424 923 1497 965 meo
1518 924 1595 966 con-

392 1000 511 1079 tristat,
532 1022 605 1066 mea
618 1001 713 1066 robis
735 1002 811 1068 inde
832 1003 959 1088 placeat
978 1025 1075 1088 quam
1095 1002 1227 1086 elegerit
1246 1024 1383 1067 censura
1396 1015 1505 1068 vestra
1524 1004 1594 1091 pla-

392 1103 510 1168 catio.''
555 1103 675 1170 Comes
696 1105 795 1190 igitur
816 1106 867 1170 bis
882 1104 990 1170 verbis
1006 1105 1154 1190 quamvis
1170 1105 1292 1169 dolosis
1308 1106 1473 1185 delinitus,
1490 1118 1524 1172 et
1538 1108 1595 1172 ali·

392 1206 583 1290 quantulum
604 1207 713 1271 animo
735 1208 933 1293 pacificatus,
949 1208 1059 1273 omnia
1073 1229 1132 1293 per
1147 1207 1237 1292 prius
1253 1229 1422 1292 perperam
1438 1218 1594 1274 attentata

392 1308 537 1372 remittit.
583 1310 631 1373 At
656 1309 820 1390 Obrutus,
842 1321 880 1375 ut
900 1312 1008 1396 ipsum
1031 1310 1155 1375 cautius
1179 1310 1312 1389 irretiat,
1335 1311 1381 1374 ita
1404 1313 1594 1378 subintulit:

391 1416 412 1449 “
422 1413 454 1478 Ο
470 1412 600 1477 domine
615 1435 735 1493 comes,
749 1414 919 1480 laetificasti
942 1414 1083 1478 animam
1106 1435 1222 1493 meam,
1234 1423 1274 1477 ut
1287 1423 1358 1479 tute
1373 1415 1467 1480 vobis
1487 1418 1592 1480 utrius

390 1515 480 1600 regni
503 1537 630 1580 summa
652 1518 853 1582 committere
874 1528 1037 1602 praecepta
1058 1517 1193 1602 placeat.
1241 1516 1349 1582 Primo
1367 1517 1502 1583 Daciam
1517 1521 1592 1584 volo

390 1618 538 1698 visitetis,
558 1617 605 1682 ibi
630 1619 820 1704 disposituri
841 1629 941 1705 prout
953 1619 1099 1684 videritis
1124 1628 1157 1683 et
1176 1621 1361 1698 correcturi,
1384 1620 1479 1686 unica
1500 1644 1591 1687 soror

389 1743 461 1786 mea
494 1722 710 1805 pulcherrima
738 1723 899 1808 virginum
935 1733 969 1788 et
1003 1723 1191 1787 fidelissima
1229 1745 1304 1787 cum
1332 1722 1379 1787 ibi
1411 1725 1484 1789 loco
1517 1749 1591 1791 meo

389 1822 511 1909 praesit,
545 1823 641 1889 breve
672 1847 781 1890 meum
807 1827 848 1891 de
878 1849 977 1890 manu
1006 1835 1115 1890 vestra
1144 1825 1310 1910 suscipiet,
1344 1835 1382 1889 ut
1411 1849 1524 1891 omnes
1549 1829 1591 1892 ad

388 1948 448 1991 vos
478 1937 637 1992 convocet
660 1929 845 2013 optimates,
860 1930 948 1993 aliud
974 1929 1037 1992 illis
1063 1927 1244 2013 porrigetis,
1261 1937 1299 1991 ut
1324 1927 1418 1993 vobis
1444 1930 1592 1996 inomni

387 2027 503 2092 timore
527 2029 612 2093 sicut
633 2040 667 2093 et
688 2030 768 2093 mibi
792 2030 929 2115 subjecti
952 2030 1052 2094 sint.''
1108 2029 1235 2093 Annuit
1252 2051 1373 2109 comes,
1396 2041 1430 2094 et
1451 2033 1590 2117 acceptis

388 2130 540 2195 brevibus
555 2141 589 2196 et
603 2131 732 2196 licentia
746 2133 837 2197 venit
852 2132 989 2218 impiger
1003 2133 1043 2195 ad
1058 2143 1190 2216 portum
1210 2131 1297 2195 unde
1318 2134 1590 2199 transfretandum

386 2244 464 2300 erat.
488 2235 634 2301 Consilio
650 2236 772 2301 Brandi
787 2237 943 2320 capellani
956 2236 1017 2313 sui,
1027 2257 1123 2320 quem
1134 2237 1294 2322 optimum
1308 2236 1429 2301 sciebat
1441 2237 1474 2301 in
1487 2238 1590 2303 subti-

385 2337 470 2402 libus
500 2338 666 2418 artificem,
690 2346 864 2424 utrumque
889 2339 1027 2424 sigillum
1053 2338 1218 2404 fictionem
1243 2339 1326 2424 regis
1354 2348 1411 2402 aut
1432 2340 1530 2405 fidem
1554 2351 1592 2406 ut

385 2440 536 2526 probaret
551 2442 688 2526 aperuit,
710 2464 776 2505 non
792 2441 954 2506 immerito
970 2451 1118 2507 metuens
1142 2442 1255 2506 Danos
1271 2452 1305 2506 et
1320 2445 1406 2508 dona
1420 2444 1590 2508 ferentes*

386 2543 426 2607 ln
435 2545 539 2629 primo
548 2546 668 2630 reperit
676 2555 713 2609 ut
722 2567 829 2610 coram
838 2546 911 2630 ipso
920 2545 1003 2610 Daci
1012 2544 1235 2624 convenirent3
1251 2544 1285 2608 in
1296 2545 1449 2625 secundo,
1456 2545 1590 2610 “Sciant

385 2648 476 2714 amici
504 2650 568 2714 mei
592 2650 685 2729 Daci,
705 2649 822 2714 merito
846 2649 926 2713 mibi
941 2649 1085 2714 virorum
1105 2647 1252 2712 omnium
1267 2649 1492 2728 amantissimi,
1514 2650 1590 2734 quia

384 2751 573 2831 fidelissimi,
588 2753 676 2838 quod
692 2773 801 2817 comes
817 2751 1008 2827 (lodwinus,
1020 2751 1061 2817 ad
1076 2772 1171 2835 quem
1182 2773 1242 2836 per
1255 2751 1364 2815 literas
1379 2773 1468 2815 meas
1482 2752 1589 2815 vocati

383 2856 529 2935 venistis,
553 2855 690 2920 extorsit
718 2878 739 2918 a
767 2864 910 2919 metam
933 2853 1045 2919 dolose
1071 2876 1167 2938 quam
1189 2855 1349 2919 violenter
1371 2855 1482 2919 Daciae
1507 2855 1587 2940 regi-

383 2979 459 3021 men
481 2979 539 3041 per
553 2958 740 3038 triennium,
766 2958 939 3042 providum
956 2979 990 3022 se
1006 2957 1087 3022 mibi
1100 2956 1292 3042 fidelemque
1314 2957 1501 3022 ministrum
1520 2959 1588 3023 sore

385 3058 549 3144 spondens
576 3060 616 3123 ad
632 3069 804 3144 augmenta
825 3059 986 3123 redituum
1003 3069 1036 3123 et
1051 3059 1197 3123 omnium
1216 3059 1464 3145 prosperitatem
1481 3082 1586 3125 rerum

384 3173 418 3228 et
431 3172 571 3226 vestram
587 3163 820 3241 defensionem,
835 3174 953 3227 utnon
969 3163 1068 3228 fuerit
1078 3163 1101 3227 J
1102 3163 1204 3247 oseph
1221 3164 1366 3248 AEgypto
1382 3164 1516 3244 melior3
1539 3165 1585 3230 sic

383 3288 418 3330 se
432 3266 530 3350 lupus
545 3267 678 3351 pastori,
694 3267 783 3331 fatuo
799 3288 912 3332 canem
927 3265 1085 3344 exhibuit,
1107 3275 1145 3328 ut
1160 3274 1288 3330 exteros
1303 3265 1437 3331 timores
1452 3266 1584 3352 abigens

382 3369 575 3450 crederetur,
597 3371 715 3456 praedae
730 3370 862 3436 liberius
889 3371 978 3434 solus
1000 3366 1214 3433 incumberet.
1263 3368 1381 3432 Gentis
1405 3370 1585 3454 Anglorum

382 3473 473 3558 cupit
494 3472 606 3538 ulcisci
621 3473 772 3552 dedecus,
787 3481 821 3537 et
834 3472 869 3535 in
885 3470 1040 3555 sanguine
1055 3479 1165 3534 vestro
1180 3471 1320 3556 gloriari.
1365 3471 1460 3536 Sensi
1475 3472 1585 3536 dolum

381 3587 414 3641 et
429 3577 552 3640 assensi
578 3576 739 3662 precibus,
754 3576 889 3640 idiotam
916 3596 968 3638 me
985 3574 1152 3652 simulans,
1167 3584 1206 3637 ut
1228 3596 1328 3637 manu
1342 3585 1450 3638 vestra
1471 3575 1586 3668 mortis

380 3679 494 3743 artifex
516 3701 574 3742 sua
597 3688 701 3743 morte
725 3687 846 3762 pereat,
869 3687 902 3740 et
926 3699 944 3739 a
967 3675 1126 3760 sapientia
1153 3698 1187 3740 se
1203 3676 1322 3740 sentiat
1338 3677 1483 3761 superari
1498 3678 1584 3741 calli-

381 3781 474 3846 ditas.
520 3781 597 3844 Non
622 3781 709 3845 enim
737 3803 808 3844 sum
835 3782 908 3865 ipso
933 3778 1107 3863 superstite
1125 3801 1181 3842 rex
1211 3777 1327 3844 unicus
1350 3780 1530 3864 Anglorum
1552 3789 1587 3845 et

379 3885 524 3949 Daciae.''
570 3883 751 3948 Godwinus
775 3884 838 3948 boo
852 3883 950 3947 breve
966 3883 1084 3946 mutari
1099 3881 1205 3967 jubet,
1228 3892 1262 3946 et
1276 3892 1390 3946 contra
1409 3893 1487 3948 vota
1508 3905 1582 3948 suo-

378 4009 451 4051 rum
467 3986 522 4072 qui
538 3984 718 4050 suadebant
735 3986 875 4049 reditum
896 3983 1111 4070 praetimore,
1134 3983 1383 4070 magnanimiter
1404 4008 1514 4072 agens,
1537 3985 1584 4050 sic

411 4131 426 4165 *
447 4133 561 4181 Arather
571 4132 683 4194 punning
695 4131 787 4195 parody
798 4147 831 4181 ou
843 4131 885 4180 the
896 4130 945 4179 line
955 4130 985 4179 ol
992 4129 1080 4194 Virgil,
1090 4129 1148 4179 AEn.
1161 4131 1188 4180 ii.
1200 4132 1243 4190 49,
1253 4131 1401 4196 “Quicquid
1413 4132 1438 4180 id
1449 4135 1495 4191 est,
1507 4131 1581 4180 timeo

379 4213 477 4264 Danaos
488 4218 513 4262 et
524 4215 587 4262 dona
598 4213 733 4262 ferentcs.''
