3608 4862
372 478 414 537 86
806 492 995 539 concnam
1019 491 1140 537 naras
1368 491 1488 554 [unane.
1503 489 1539 540 11.

372 644 469 709 etiam
484 643 599 729 majori
613 644 741 710 videtur
755 645 894 710 valuisse
909 645 1039 710 virtutis
1054 655 1089 709 et
1102 643 1230 710 virium.
1277 643 1342 709 Hic
1356 642 1450 708 bellis
1466 663 1575 707 excer-

373 747 593 824 comissimus,
608 748 753 832 piscibus
767 759 801 813 et
815 749 929 814 avibus
946 759 979 814 et
1002 749 1078 813 feris
1093 749 1258 834 capiendis
1282 747 1575 833 frequentissimus,

372 851 461 936 pacis
485 860 519 915 et
544 873 652 916 werrae
677 861 823 938 ternpore
848 863 915 918 tarn
938 853 1111 939 praeclarus
1134 852 1261 932 enituit,
1277 862 1314 915 ut
1328 851 1410 916 nihil
1428 851 1574 936 ignorare

372 954 611 1041 praedicaretur,
638 965 671 1020 et
699 979 774 1020 cum
802 957 909 1042 gladio
936 956 1076 1020 dexterae
1102 977 1169 1020 sure
1190 955 1245 1020 vix
1272 964 1386 1040 posset
1411 974 1573 1019 annorum

372 1058 469 1122 turba
492 1058 652 1123 resistere.
697 1059 788 1124 Pacis
813 1069 882 1125 erat
897 1069 1022 1124 amator
1036 1069 1070 1122 et
1084 1069 1225 1123 assertor
1239 1059 1389 1138 eximius,
1404 1067 1573 1140 totumque

373 1161 532 1227 mundum
544 1161 701 1226 circuiens
717 1165 859 1227 famosos
873 1162 994 1247 ubique
1004 1161 1153 1226 interfuit
1163 1183 1367 1247 congressus,
1379 1183 1476 1225 causa
1491 1180 1575 1223 sem-

372 1286 431 1351 per
445 1265 596 1352 utrinque
606 1265 734 1350 cognita
746 1267 898 1351 quatinus
913 1265 1006 1330 fieret
1018 1266 1146 1350 injuriae
1157 1266 1328 1351 depressor
1337 1275 1371 1330 et
1380 1263 1575 1348 athletajus-

373 1368 464 1447 titire,
479 1378 513 1432 et
527 1369 602 1453 quia
616 1367 783 1454 nunq'uam
798 1369 839 1434 ab
851 1370 981 1454 incepto
996 1369 1121 1433 resiluit
1136 1391 1197 1434 nec
1208 1369 1333 1434 actibus
1342 1369 1464 1433 recusis
1474 1375 1575 1431 retro-

374 1472 471 1538 cessit
494 1481 616 1536 avoto.
662 1473 805 1537 Omnem
831 1473 918 1537 enim
938 1473 1057 1537 habere
1076 1472 1265 1556 sapientiam
1286 1471 1426 1551 aiebant,
1449 1471 1573 1554 linguas

374 1574 591 1660 quorumlibet
613 1575 806 1660 loquebatur
828 1596 1012 1660 regnorum,
1036 1584 1070 1639 et
1094 1573 1253 1659 frequenti
1273 1573 1425 1638 felicitate
1450 1592 1574 1636 succes·

375 1700 471 1742 suum
487 1678 588 1742 totius
602 1679 679 1742 vitae
695 1679 865 1744 videbatur
879 1679 1098 1743 obedientiam
1113 1676 1269 1756 obtinere,
1284 1686 1438 1761 tanquam
1450 1671 1576 1760 optioni

375 1803 442 1846 sure
468 1791 618 1866 parerent
632 1781 809 1846 animantia
831 1783 978 1847 omnium
1001 1781 1205 1846 motabilium
1229 1790 1263 1844 et
1285 1780 1444 1844 haberent
1457 1776 1575 1842 intelli-

373 1885 525 1970 gentiam.
572 1886 637 1951 Hic
652 1887 791 1951 insulam
800 1895 955 1962 nostram,
965 1887 999 1950 id
1011 1895 1061 1948 est
1073 1885 1233 1970 Angliam,
1247 1883 1423 1968 ingressus,
1435 1883 1545 1946 Offam
1553 1883 1574 1922 *

374 1989 457 2054 vidit
470 2010 578 2074 regem
595 1989 867 2069 strenuissimum,
882 1990 967 2053 inter
981 1989 1154 2074 pueritiam
1178 1997 1212 2051 et
1232 1988 1440 2072 juventutem
1459 1987 1575 2070 jocun-

376 2091 546 2156 dissimum
569 2099 698 2177 tempus
722 2101 882 2177 agentem,
898 2092 925 2156 si
941 2095 1013 2176 quis
1029 2113 1201 2176 agnoscere
1222 2100 1344 2175 posset,
1358 2099 1392 2154 at
1406 2099 1517 2153 nostra
1531 2085 1577 2151 sic

374 2206 444 2260 tota
466 2194 652 2282 praelabitur
675 2206 753 2260 aetas
778 2205 816 2260 ut
838 2217 905 2259 non
929 2195 1076 2259 videatur
1101 2194 1180 2258 dum
1196 2194 1288 2258 adest
1302 2194 1448 2271 felicitas,
1463 2191 1520 2256 sed
1535 2188 1576 2255 ad

374 2301 571 2385 praeteritam
586 2299 771 2386 aperiantur
786 2299 881 2364 oculi.
927 2299 997 2363 Rex
1011 2298 1066 2363 hic
1079 2297 1251 2362 Walenses
1266 2298 1300 2361 in
1322 2296 1487 2361 modicum
1510 2314 1577 2358 suaa

374 2405 502 2468 Walliae
526 2405 680 2491 angulum
704 2414 737 2468 et
761 2425 833 2489 quoe
857 2403 897 2468 de
921 2401 1053 2466 nomine
1076 2401 1160 2486 regis
1179 2400 1325 2486 ejusdem
1341 2399 1459 2464 dicitur
1472 2398 1577 2463 adhuc

376 2508 464 2572 fossa
496 2507 650 2587 cinxerat,
677 2508 769 2592 cujus
803 2529 967 2592 egressum
990 2507 1043 2570 vel
1065 2527 1233 2570 excessum
1266 2505 1348 2590 pede
1380 2502 1514 2568 luebant
1544 2510 1578 2564 et

374 2611 529 2696 lugebant
543 2611 695 2687 amiss0.†
741 2609 807 2674 Hic
830 2631 964 2694 regnum
991 2629 1086 2672 suum
1110 2607 1151 2671 ad
1175 2628 1339 2671 summum
1355 2603 1576 2691 prosperitatis

374 2715 579 2798 perduxerat,
602 2715 706 2778 multo
733 2714 842 2777 studio
866 2713 1033 2797 multoque
1055 2710 1166 2776 labore
1190 2710 1325 2795 gradiri,
1349 2717 1577 2795 acceperatque

376 2816 438 2881 sibi
447 2816 617 2900 conjugem
627 2816 726 2880 filiam
735 2816 938 2900 imperatoris
948 2817 1180 2880 Romanorum.
1202 2814 1310 2879 Multa
1319 2815 1403 2878 inter
1412 2815 1577 2877 Romanos

376 2929 410 2984 et
418 2919 543 3004 Anglos
554 2920 737 2984 audivimus
749 2921 790 2985 ad
799 2930 1010 3006 utrorumque
1019 2920 1166 2986 lacrimas
1177 2921 1261 2984 facta
1270 2917 1429 3004 conjugia,
1440 2939 1578 3002 quorum

375 3024 438 3088 hoc
452 3045 565 3086 unum.
611 3023 776 3089 Venerant
792 3024 931 3088 Romani
946 3026 1131 3109 frequenter
1145 3025 1186 3089 ad
1202 3023 1313 3089 Offam
1328 3022 1369 3087 ab
1384 3022 1577 3106 imperatore

376 3127 479 3205 missi,
506 3125 662 3213 ditatique
686 3127 726 3192 ab
755 3127 828 3214 ipso
858 3137 1058 3193 recesserant
1087 3150 1161 3193 cum
1186 3127 1289 3192 multa
1311 3127 1407 3191 laude
1435 3125 1519 3210 regis
1544 3135 1578 3190 et

375 3230 477 3316 regni,
500 3252 582 3315 quos
597 3241 635 3294 ut
650 3232 755 3296 Roma
769 3231 851 3296 vidit
864 3231 1011 3296 vestibus
1027 3241 1061 3296 et
1086 3253 1164 3296 auro
1178 3231 1314 3311 lucidos,
1336 3230 1447 3294 innata
1469 3227 1579 3292 statim

375 3334 496 3400 exarsit
520 3335 662 3400 avaritia.
707 3335 778 3400 Nec
802 3335 941 3399 mirum:
974 3336 1037 3400 hoc
1061 3334 1148 3400 enim
1172 3357 1290 3400 nomen
1314 3335 1418 3398 Roma
1441 3355 1481 3398 ex
1505 3354 1579 3396 ava·

412 3508 428 3539 ⁴
445 3507 501 3556 osa
513 3507 613 3570 reigned
624 3523 683 3556 orer
691 3507 785 3556 Mercia
797 3509 861 3556 from
873 3511 921 3560 rte
934 3514 961 3557 to
993 3508 1040 3556 law
1051 3507 1149 3556 alluded
1160 3514 1196 3567 to,
1214 3508 1256 3558 the
1272 3511 1451 3570 transgressors
1463 3505 1492 3554 of
1500 3503 1580 3554 which

379 3590 436 3644 796.
471 3589 512 3638 He
524 3604 572 3637 was
584 3605 617 3638 on
628 3593 704 3639 terms
716 3590 745 3638 of
756 3589 963 3652 friendshipnith
995 3583 1211 3639 weretolosethe
1223 3589 1290 3652 right
1305 3587 1381 3646 hand,
1399 3593 1444 3636 not
1461 3585 1503 3634 the
1515 3585 1578 3634 foot.

381 3672 567 3733 Charlemague.
997 3671 1116 3734 “Legem
1131 3673 1226 3730 statuit,
1244 3675 1272 3720 ut
1288 3671 1431 3736 quicunque
1447 3667 1580 3717 Britonum

406 3751 522 3810 †Offa's
539 3753 613 3815 Dylre
633 3751 684 3800 still
700 3751 785 3809 exista,
809 3767 857 3800 one
873 3751 903 3800 of
919 3752 961 3801 the
994 3750 1580 3817 exindecitraterminumquemeisprascfipait.

377 3841 443 3884 most
453 3834 605 3883 remarkable
617 3834 768 3883 earthworlrs
779 3835 806 3881 in
818 3834 860 3882 the
871 3835 962 3894 irland,
994 3837 1087 3886 fossam
1100 3836 1195 3885 adduct
1207 3835 1280 3892 Offae,
1292 3851 1349 3884 cum
1361 3835 1412 3884 telo
1419 3833 1579 3890 fundimur,

376 3916 513 3978 atrctching
523 3915 586 3964 from
599 3917 640 3964 the
653 3915 878 3978 DaetothoWye.
913 3917 962 3966 Ac·
996 3919 1019 3967 ei
1030 3918 1061 3966 ab
1072 3918 1217 3967 officialibus
1228 3919 1298 3981 regni
1309 3932 1396 3967 manus
1413 3915 1500 3965 dextra
1515 3928 1579 3977 prra-

378 3997 481 4058 cording
490 4001 515 4044 to
526 3995 542 4044 J
545 3996 594 4044 olrn
603 3996 631 4044 of
641 3996 775 4060 Salisbary,
785 3997 907 4060 Polycrat.
918 3998 962 4046 lib.
996 3997 1148 4050 cideretur.’'

377 4079 411 4127 ri.
425 4093 447 4126 c.
458 4078 482 4135 6,
501 4077 521 4124 it
532 4091 581 4125 was
596 4077 647 4126 carl
663 4077 759 4126 flarold
770 4079 825 4127 vrbo
837 4081 908 4129 made
921 4081 963 4129 the
