3608 4862
295 543 440 608 capue]
653 543 701 588 nu
725 543 836 589 vcors
860 543 1085 590 occisurum.
1426 523 1468 600 87

260 693 335 760 ritis
358 716 490 781 sumque
512 693 713 762 diffinitionis
739 697 896 761 formetur
910 695 1087 782 principiis,
1108 695 1147 760 fit
1161 694 1249 761 enim
1272 715 1312 759 ex
1328 715 1364 759 n.
1386 703 1420 760 et
1435 715 1468 760 o.

262 805 297 860 et
313 817 353 861 rr.
368 805 402 861 et
417 817 452 862 Α.
467 806 502 864 et
515 796 665 864 diffinitio
682 820 756 863 oum
771 799 853 886 ipse,
867 802 965 864 rudis
979 802 1114 864 omnium
1129 801 1282 864 malorum
1296 799 1467 875 scamium

264 898 448 984 Suggerunt
471 921 546 986 ergo
561 900 695 968 domino
710 925 770 966 suo
784 903 971 988 imperatori
995 903 1167 982 Cunnsno,
1183 902 1223 967 de
1239 923 1303 988 quo
1319 901 1467 966 monialis

263 1001 378 1068 videns
393 1026 468 1070 eum
483 1005 661 1070 deformem
676 1005 811 1086 dixerut,

535 1141 797 1191 commeruimus
807 1141 870 1190 nm
884 1139 946 1204 [et]
958 1140 1007 1189 nm
1018 1155 1113 1189 mnne·
1124 1144 1149 1189 et
1160 1154 1232 1199 anm,

264 1262 351 1345 quod
361 1263 468 1328 Romu
478 1264 594 1328 merito
605 1273 704 1349 ceput
714 1263 802 1328 orbis
814 1273 865 1328 est
877 1271 911 1328 et
920 1261 1052 1328 dominu
1062 1271 1218 1326 terrerum
1230 1263 1387 1342 omnium,
1399 1264 1469 1327 An·

264 1363 362 1448 gliem
383 1364 587 1430 tributariam
612 1365 767 1430 deliberet
789 1364 870 1445 fieri,
889 1386 950 1430 neo
973 1363 1138 1429 absistunt
1159 1385 1234 1428 eum
1255 1363 1296 1428 ed
1318 1364 1380 1429 hoc
1400 1365 1469 1430 oni-

263 1489 364 1547 mare,
379 1469 482 1533 donec
496 1467 530 1532 in
546 1489 638 1532 suam
654 1468 814 1533 inducunt
830 1467 971 1533 avarities
994 1468 1201 1532 sententiam.
1245 1467 1310 1531 Sed
1325 1467 1468 1554 incipere

265 1571 392 1656 aggredi
408 1571 471 1637 hoo
487 1572 591 1636 solum
604 1572 767 1657 prohibet,
778 1571 866 1656 quod
879 1571 1050 1637 Gadonem
1064 1592 1233 1657 superesse
1246 1570 1353 1636 sciunt
1363 1571 1469 1636 omnis

264 1671 457 1739 innocentior
467 1675 746 1753 defensorem,nec
756 1697 892 1760 usquam
901 1697 1000 1761 posse
1009 1685 1075 1739 tam
1087 1675 1222 1739 arduum
1233 1696 1316 1760 opus
1324 1673 1469 1739 inchoari

266 1775 333 1841 sive
344 1798 446 1864 prope
456 1780 524 1841 sive
538 1778 634 1862 longe
649 1779 688 1842 sd
703 1779 791 1864 quod
806 1777 877 1863 ipse
892 1801 959 1843 non
974 1788 1143 1844 vocaretur
1158 1777 1199 1842 ud
1215 1777 1386 1842 tuitionem
1398 1779 1469 1863 jus·

263 1878 354 1945 titiae.
400 1881 550 1967 Suspirat
568 1881 666 1966 igitur
686 1882 808 1946 diutius
825 1882 866 1946 ad
880 1881 943 1946 hoo
958 1904 1032 1945 cum
1049 1881 1288 1968 suspirantibus
1301 1881 1469 1961 Romanis,

264 1982 464 2071 verbumque
480 1984 558 2048 setis
574 1994 734 2049 secretum
749 1984 881 2049 hebent.
926 1985 1084 2049 Nesciens
1099 1986 1164 2049 hoc
1178 1983 1240 2069 egi,
1255 1984 1378 2049 dimisit
1393 1985 1470 2049 Offa

266 2085 438 2151 Gedonem
454 2087 635 2151 diutissime
649 2096 758 2150 tumen
782 2086 951 2150 detentum
972 2095 1006 2150 et
1026 2087 1128 2150 mults
1152 2107 1280 2169 semper
1304 2087 1469 2152 excultum

265 2188 453 2264 reverentia,
470 2187 607 2273 quinon
623 2197 780 2272 quantum
795 2185 904 2272 potuit
919 2187 976 2250 sed
989 2196 1146 2271 quantum
1158 2185 1262 2250 voluit
1284 2186 1468 2252 divitiarum

271 2312 380 2356 secum
395 2291 481 2370 tulit,
496 2290 712 2376 Anglismque
727 2298 949 2375 competenter
964 2299 1101 2353 onustus
1116 2310 1264 2374 egressus
1279 2299 1331 2353 est
1352 2290 1393 2354 ed
1415 2312 1471 2356 ex-

267 2405 388 2459 tremos
415 2394 528 2472 lndos,
554 2393 672 2458 abinde
702 2391 826 2456 nuntiis
852 2392 975 2456 anhelis
997 2402 1031 2456 et
1054 2392 1155 2456 literis
1188 2401 1322 2456 vocatus
1356 2393 1471 2474 anxiis,

266 2497 357 2582 qussi
369 2497 423 2582 qui
434 2496 557 2582 gladius
570 2505 639 2561 eret
647 2495 680 2559 in
697 2516 796 2558 manu
806 2494 952 2574 Domini,
968 2493 1113 2559 omnium
1129 2495 1168 2558 ed
1185 2516 1264 2580 quas
1280 2495 1471 2560 mittebatur

266 2598 457 2683 injuriarum
471 2598 568 2676 ultor,
592 2599 685 2683 cujus
700 2599 855 2662 memoria
870 2598 1023 2683 quoniam
1045 2598 1078 2662 in
1105 2598 1333 2663 remotissimis
1356 2599 1472 2684 agebat

266 2700 431 2766 remissior
445 2710 514 2764 eret
533 2701 621 2786 apud
637 2702 814 2782 Romanos,
829 2703 961 2766 fuerunt
976 2701 1031 2786 qui
1048 2712 1185 2765 mortem
1201 2702 1271 2787 ejus
1287 2712 1321 2767 et
1335 2705 1470 2768 modum

267 2814 301 2869 et
323 2805 431 2869 locum
454 2813 488 2868 et
507 2813 638 2888 tempus
653 2803 815 2890 fingerent
828 2804 1026 2890 imperatori,
1040 2827 1082 2869 ne
1098 2805 1227 2870 timeret
1242 2805 1366 2892 Anglos
1379 2806 1471 2872 inve-

267 2910 352 2974 dere.
397 2907 604 2973 convocatur
618 2930 694 2994 ergo
712 2909 909 2994 gravissimis
921 2909 1093 2995 imperium
1107 2910 1221 2975 edictis
1231 2910 1398 2997 factusque
1410 2934 1471 2976 nu-

266 3035 413 3078 merosus
428 3035 464 3078 ac
480 3033 577 3097 super
591 3035 763 3078 numerum
779 3015 949 3094 exercitus,
972 3014 1156 3100 inprovisos
1172 3016 1282 3080 Offam
1298 3026 1332 3081 et
1345 3016 1471 3102 Anglos

266 3117 402 3203 appulit,
411 3115 593 3202 inprovisos
605 3117 646 3181 ed
662 3139 696 3182 se
713 3117 784 3182 dico
797 3119 949 3204 quonism
960 3141 979 3182 a
990 3118 1063 3182 Deo
1073 3118 1232 3203 provisos.
1277 3119 1364 3184 Nam
1375 3119 1470 3186 Gedo

267 3220 426 3305 expeditis
442 3220 599 3285 Indorum
615 3221 771 3306 angustiis
787 3222 827 3285 ud
842 3222 943 3306 patris
969 3224 1020 3284 sui
1043 3243 1179 3306 regnum
1204 3243 1262 3307 per
1287 3244 1373 3286 mere
1396 3244 1472 3306 pro-

266 3345 394 3408 perans,
408 3323 515 3388 ventis
529 3333 608 3388 voto
624 3345 684 3388 suo
698 3324 849 3408 provisis,
865 3325 921 3390 sed
936 3325 972 3388 in
987 3324 1168 3389 subsidium
1179 3325 1387 3409 Anglorume
1398 3325 1471 3389 Deo

267 3426 442 3505 conversis,
458 3426 570 3490 eodem
586 3426 638 3490 die
653 3426 693 3490 ud
714 3426 791 3491 litus
811 3427 898 3492 idem
916 3428 957 3492 ad
975 3427 1063 3512 quod
1078 3427 1282 3511 impetitores
1298 3438 1332 3491 et
1349 3426 1471 3506 hostes,

299 3625 316 3659 ¹⁸
332 3626 386 3674 The
405 3625 500 3674 sverice
520 3628 549 3674 ot
571 3628 614 3676 the
638 3633 709 3677 court
726 3629 755 3677 oi
773 3629 853 3678 Rome
886 3629 1327 3693 pope,verepretextssorextorting
1341 3642 1473 3677 enormous

265 3725 316 3758 ω
333 3706 471 3770 proverbial
491 3706 580 3769 during
602 3707 645 3756 the
663 3709 852 3772 MiddleAges‚
887 3726 955 3759 sums
977 3712 1006 3759 of
1026 3723 1116 3772 money
1138 3709 1202 3758 from
1226 3711 1268 3758 the
1285 3709 1425 3760 candidates
1445 3725 1473 3758 or

264 3792 315 3842 sud
326 3805 375 3839 vss
387 3805 418 3838 vn
429 3789 580 3838 instrument
592 3789 621 3837 of
632 3790 797 3840 burdeusome
808 3805 854 3854 op·
887 3806 990 3855 persons
1003 3792 1178 3840 concernedin
1195 3792 1272 3840 theon
1306 3791 1360 3840 The
1377 3790 1474 3854 simony

265 3873 412 3938 pressionto
422 3871 632 3921 ouriorefstberr.
668 3872 698 3920 In
707 3872 750 3920 the
758 3872 853 3921 tvelltb
888 3873 917 3922 ol
931 3873 974 3922 the
991 3872 1095 3922 Romish
1112 3873 1202 3936 pontiu
1217 3874 1265 3922 end
1280 3873 1402 3923 cardinale
1418 3873 1439 3922 is
1458 3889 1473 3921 a

260 3953 315 4004 ¹und
332 3954 467 4002 thirtecnth
483 3953 607 4002 centurie·
630 3954 662 4002 sll
679 3953 855 4003 eeclesimticsl
888 3961 1004 4004 constent
1026 3954 1122 4016 subject
1144 3955 1173 4004 oi
1192 3954 1324 4017 indignant
1347 3955 1420 4004 satire
1446 3956 1473 4005 in

260 4037 459 4099 ,appointmentn
480 4035 531 4084 end
549 4035 591 4084 the
608 4036 722 4099 slightest
743 4035 855 4099 disputes
888 4037 931 4086 the
947 4051 1033 4100 poems
1050 4036 1191 4102 commonly
1207 4037 1319 4087 ascribed
1335 4043 1362 4088 to
1379 4038 1474 4088 Walter

269 4117 350 4166 which
362 4117 436 4165 could
447 4116 479 4166 be
491 4117 568 4180 urged
575 4119 630 4167 into
641 4134 673 4168 un
684 4119 771 4182 eppecl
779 4122 806 4166 to
814 4117 856 4168 the
889 4119 988 4183 Mepes.
