3610 4852
400 499 460 560 162
831 511 1020 557 sonarem
1045 511 1166 556 uaeas
1399 510 1519 572 [bisunu.
1533 511 1581 562 Ν.

395 680 516 766 ubique
532 681 692 764 pessimos
708 681 853 765 praefioit,
867 681 951 744 vires
966 679 1029 744 illis
1045 679 1155 765 adjicit
1177 689 1211 744 et
1225 687 1421 762 potestatem
1436 687 1534 763 auget
1544 677 1599 762 qui

397 783 535 866 nequius
558 783 593 845 in
624 782 814 846 innocentes
833 782 1017 866 insurgunt,
1037 791 1070 846 et
1091 780 1148 867 qui
1166 780 1317 844 miserere
1339 779 1490 844 nesciunt
1504 799 1600 864 super

397 905 510 947 omnes
534 884 714 948 constituit.
759 883 851 947 Nulli
867 905 1000 948 suorum
1015 883 1118 968 parcit
1133 881 1188 968 qui
1214 903 1344 966 parcere
1358 882 1448 961 velit,
1471 881 1598 946 nullum

396 995 431 1050 et
446 986 570 1051 bonum
585 985 795 1071 impunitum,
810 987 936 1050 nullum
952 986 1071 1050 malum
1087 986 1378 1064 irremuneratum3
1401 995 1523 1049 etcum
1537 1005 1599 1048 nec

396 1109 507 1171 parem
524 1089 559 1152 in
574 1098 659 1152 terra
672 1111 733 1153 nec
747 1087 900 1153 rebellem
914 1088 1044 1173 reperit,
1066 1089 1168 1152 instar
1184 1088 1328 1173 Capanei
1350 1111 1370 1151 a
1384 1087 1466 1152 coelo
1481 1107 1597 1173 provo·

397 1200 449 1256 cat
463 1192 622 1256 inimicos.
669 1192 835 1256 Cimiteria
851 1192 978 1276 spoliat,
994 1191 1094 1256 violat
1113 1191 1275 1269 ccclesias,
1296 1213 1357 1255 nec
1371 1191 1490 1254 timore
1506 1190 1597 1254 vivo·

396 1313 468 1357 rum
485 1317 544 1359 nec
569 1295 689 1379 pietate
714 1303 917 1358 mortuorum
944 1293 1091 1372 absistit3
1113 1303 1147 1358 et
1161 1294 1255 1359 valde
1273 1295 1401 1378 justum
1423 1303 1475 1358 est
1489 1303 1527 1356 ut
1541 1291 1596 1376 qui

395 1395 436 1459 de
461 1397 532 1461 Deo
557 1419 624 1460 non
651 1395 749 1459 habet
778 1397 1001 1475 reverentiam,
1016 1397 1096 1460 nihil
1127 1397 1241 1460 timeat
1266 1405 1341 1460 ante
1371 1395 1508 1475 ruinam,
1539 1394 1596 1458 sed

395 1498 554 1563 exaltetur
569 1519 697 1584 semper
711 1499 752 1562 ad
772 1498 987 1583 praecipitium
1012 1519 1067 1562 cor
1091 1507 1129 1561 ut
1150 1498 1296 1582 longaeva
1321 1498 1465 1582 nequitia
1488 1496 1597 1561 subita

395 1602 500 1665 securi
515 1602 719 1687 praecidatur.
765 1600 953 1665 Percellitur
968 1599 1183 1676 anathemate,
1206 1620 1265 1663 nec
1280 1599 1395 1679 timet3
1418 1600 1540 1663 vitatur
1554 1600 1595 1663 ab

395 1703 558 1782 omnibus,
574 1725 633 1768 nec
656 1703 787 1782 horret3
809 1703 927 1766 famam
953 1701 1036 1787 fugit
1060 1710 1095 1765 et
1116 1700 1230 1785 quaerit
1253 1700 1428 1766 infamiam.
1474 1701 1596 1766 Omnia

396 1804 536 1868 cassavit
559 1804 704 1868 omnium
731 1803 886 1882 consilia3
908 1805 977 1888 jam
1001 1802 1110 1887 ipsum
1140 1823 1237 1866 nemo
1266 1801 1483 1886 reprehendit,
1498 1825 1596 1868 nemo

397 1906 543 1991 castigat,
560 1908 616 1970 scd
632 1906 878 1991 desperantibus
904 1905 1015 1970 amicis
1031 1916 1065 1970 et
1088 1903 1258 1968 silentibus
1282 1914 1320 1968 ut
1345 1903 1427 1989 lapis
1443 1928 1463 1968 a
1476 1906 1596 1969 vertice

396 2006 554 2092 abruptus
569 2016 676 2070 totum
699 2007 810 2093 lapsus
826 2006 864 2070 ad
881 2007 946 2071 ima
963 2007 1103 2071 decurrit
1123 2006 1350 2070 irrevocabilis.
1396 2007 1448 2069 lta
1466 2006 1548 2071 liber
1563 2016 1596 2070 et

394 2109 565 2194 expeditus
595 2119 629 2172 et
654 2107 808 2172 dimissus
834 2107 874 2170 ab
899 2107 1064 2187 omnibus,
1093 2108 1217 2193 magnis
1249 2108 1383 2172 saltibus
1410 2109 1451 2172 ad
1477 2118 1595 2173 tartara

396 2212 511 2291 tendit,
535 2223 569 2277 et
589 2222 628 2274 ut
647 2233 735 2276 mare
760 2211 878 2290 ventis,
901 2211 946 2274 ita
966 2211 1145 2276 maledictis
1168 2212 1326 2276 attollitur
1345 2219 1379 2275 et
1397 2212 1595 2291 intumescit,

395 2316 561 2380 afflictioni
591 2315 846 2400 tempestuosius
872 2313 1098 2378 universorum
1121 2314 1306 2392 imminens,
1332 2324 1366 2380 et
1395 2315 1471 2380 licet
1493 2317 1595 2402 petita

395 2419 550 2505 suscipiat
564 2419 730 2503 rapiatque
745 2427 870 2503 negata,
885 2418 974 2480 nulla
988 2427 1099 2502 potest
1113 2417 1276 2483 affluentia
1288 2417 1402 2498 sedari,
1414 2439 1475 2483 ncc
1489 2428 1592 2484 totam

393 2533 487 2587 terroe
503 2523 637 2608 depasta
651 2521 886 2606 pretiositatem
902 2519 1037 2586 satiatur
1051 2521 1195 2586 ambitio.

437 2623 512 2688 Jam
528 2623 607 2686 satis
624 2622 708 2706 Olga
724 2643 866 2700 securus,
882 2621 1030 2707 servique
1045 2632 1160 2686 tenens
1177 2623 1227 2686 sui
1249 2623 1390 2687 animam
1405 2622 1592 2687 certissimis

391 2725 556 2792 astrictam
571 2725 718 2802 vinculis,
733 2747 768 2787 se
783 2722 835 2787 die
850 2725 988 2808 quadam
1008 2724 1070 2808 ipsi
1086 2725 1229 2810 solivago
1245 2725 1306 2789 sub
1321 2724 1437 2789 umbra
1451 2725 1590 2789 nemoris

393 2827 521 2892 obviam
537 2828 624 2890 facit.
693 2825 875 2890 Consident
898 2834 931 2888 et
955 2824 1213 2904 confabulantur,
1239 2826 1477 2910 recordatisque
1499 2825 1591 2890 novis

393 2931 601 3015 iniquitatum
624 2939 657 2993 ct
685 2928 840 2993 scelerum
868 2927 1007 3014 propriis
1033 2927 1186 3008 inventis,
1209 2928 1359 2993 laudatur
1382 2930 1490 3009 Eudo,
1511 2929 1593 2994 ridet

396 3032 491 3118 Olga,
506 3033 609 3097 victos
624 3033 756 3096 fratrem
772 3052 867 3095 suum
883 3042 916 3094 et
932 3053 966 3095 se
978 3031 1218 3117 discipulosque
1233 3033 1353 3097 fatetur
1367 3055 1480 3096 eorum
1495 3043 1592 3096 tantae

394 3134 494 3199 cladis
505 3144 538 3198 et
547 3133 759 3198 immanitatis
769 3133 903 3198 artibus.
948 3134 1039 3198 Serio
1049 3133 1181 3198 tandem
1191 3135 1276 3219 Olga
1285 3136 1463 3220 suspirans,
1473 3145 1507 3201 et
1518 3145 1594 3221 post

393 3237 523 3322 longam
557 3237 803 3301 meditationem
832 3237 867 3300 in
896 3235 1046 3319 angelum
1084 3257 1118 3298 se
1154 3237 1388 3301 transformans
1423 3237 1516 3317 lucis,
1540 3238 1593 3316 ait,

392 3345 414 3377 “
427 3339 601 3404 Carissimo
617 3339 673 3418 mi,
689 3360 881 3424 quocunque
894 3339 1030 3402 tendant
1044 3339 1114 3402 haec
1129 3338 1268 3403 ludicra?
1292 3339 1464 3403 consilium
1480 3341 1592 3404 anima

392 3452 457 3507 tuoe
472 3463 513 3506 ne
530 3441 658 3505 differas
670 3466 680 3519 3
703 3440 852 3525 displicet
873 3439 953 3502 mihi
975 3439 1063 3524 quod
1085 3441 1241 3525 majorem
1264 3462 1392 3506 exerces
1415 3443 1591 3527 nequitiam

392 3567 487 3630 quam
503 3565 609 3608 meam
624 3545 737 3609 deceat
751 3543 950 3617 fatalitatem,
967 3552 1001 3606 et
1015 3543 1090 3607 licet
1105 3543 1165 3606 tibi
1180 3544 1311 3622 rideam,
1331 3567 1398 3608 non
1412 3543 1494 3608 libet
1505 3546 1591 3630 quod

391 3659 424 3712 te
440 3648 608 3712 derideant
622 3648 677 3732 qui
692 3646 752 3710 tibi
768 3655 899 3710 struunt
913 3645 953 3709 ad
977 3645 1193 3730 perditionem
1215 3646 1361 3710 insidias.
1407 3647 1490 3712 Haec
1505 3648 1590 3712 enim

391 3762 469 3814 sunt
484 3773 582 3836 opera
598 3750 762 3828 Sathanae,
778 3749 904 3828 Berith,
919 3763 953 3812 et
968 3749 1160 3814 Leviathan.
1206 3747 1295 3812 Scias
1310 3749 1399 3833 quod
1414 3772 1434 3813 a
1448 3749 1545 3815 nobis
1559 3759 1591 3814 et

390 3853 487 3917 etiam
499 3853 540 3917 ab
552 3852 672 3937 angelis
685 3851 821 3917 Domini
837 3862 914 3916 sunt
926 3850 1116 3916 abscondita
1134 3851 1257 3936 judicia
1270 3851 1423 3917 dominici
1432 3853 1571 3937 pectoris
1578 3877 1588 3931 ;

393 3957 450 4019 sed
466 3977 537 4040 quae
551 3957 618 4019 fato
634 3956 819 4034 decurrunt,
834 3955 886 4019 vel
902 3954 1080 4020 secundum
1108 3955 1343 4020 elementorum
1366 3955 1488 4021 foedera
1510 3977 1590 4042 prae-

392 4067 504 4124 notata
519 4068 606 4138 sunt,
622 4081 694 4143 quae
717 4080 775 4144 per
793 4069 953 4122 astrorum
977 4068 1095 4139 ortum,
1111 4080 1273 4139 occasum,
1289 4070 1322 4124 et
1343 4070 1470 4124 motum
1495 4059 1587 4145 signi-
