3650 4852
263 551 376 616 caps]
641 553 689 596 na
713 551 824 596 NUssls
848 551 1073 598 cunranrnu.
1411 543 1450 600 13

248 703 337 788 quod
350 701 476 766 habena
490 701 634 767 confidas
649 701 683 766 in
699 703 854 768 Domino.
899 705 1025 770 Rumor
1048 703 1199 790 publicus
1226 714 1277 768 est
1303 707 1391 790 quod
1417 716 1449 771 te

248 807 437 893 episcopum
452 807 581 871 facient
625 806 724 871 Absit
738 808 846 872 omnis
861 809 1019 893 parcitas!
1036 809 1167 873 effunde
1182 829 1315 893 prorsus
1329 809 1449 888 omnia,

248 931 380 975 securus
395 910 479 974 aude
494 911 581 994 quod
592 908 653 988 vis,
663 909 800 973 audaces
810 911 940 974 fortuna
949 911 1053 994 juvat.
1097 909 1239 974 Tantum
1251 920 1361 996 potest
1372 934 1450 976 con-

248 1011 362 1097 stringi
383 1027 529 1077 crustum
555 1012 642 1098 quod
663 1010 745 1074 nihil
766 1010 896 1076 valebit.
942 1012 1042 1076 Sume
1063 1011 1148 1074 vires
1172 1020 1206 1075 et
1227 1013 1353 1076 animos
1367 1014 1450 1080 nihil

247 1115 397 1194 retineas,
412 1137 454 1179 ne
470 1121 637 1180 successus
649 1115 820 1200 propedius
829 1114 1030 1179 venientes.''
1075 1113 1161 1178 Cum
1176 1113 1323 1199 hospites
1337 1115 1384 1179 illi
1399 1139 1449 1182 re-

248 1217 380 1298 cedunt,
404 1217 514 1282 statim
536 1217 677 1282 invitant
699 1217 789 1282 alios.
835 1216 1043 1283 Proeveniunt
1057 1237 1114 1282 eos
1134 1217 1175 1280 ad
1191 1237 1243 1281 me
1257 1217 1449 1302 plangentes

248 1321 336 1407 quod
352 1319 519 1406 hospitum
534 1320 715 1405 frequentia
740 1321 852 1404 fatigat
875 1341 931 1384 ecs
955 1319 1104 1398 nimium,
1129 1328 1163 1384 et
1187 1342 1240 1384 me
1264 1320 1449 1400 destruunt,

248 1425 340 1510 quasi
365 1423 497 1486 doleant
520 1421 561 1485 de
585 1442 650 1505 quo
674 1421 834 1486 laetantur.
880 1421 973 1486 Inter
998 1421 1081 1486 hanc
1105 1421 1260 1487 familiam
1282 1427 1447 1509 nepotas*

246 1527 363 1606 habeo,
379 1525 434 1611 qui
449 1525 657 1590 dominantur
671 1523 705 1586 in
720 1523 817 1588 rebus
832 1523 925 1602 meis,
939 1545 1000 1588 nec
1015 1534 1065 1588 est
1087 1523 1143 1609 qui
1168 1525 1274 1610 possit
1298 1525 1345 1590 eis
1370 1547 1448 1590 oon·

247 1631 412 1696 tradioere.
459 1627 516 1690 Hii
542 1626 658 1690 lortius
685 1635 798 1689 contra
812 1647 864 1690 me
878 1625 1041 1705 militant3
1064 1625 1109 1690 hii
1133 1626 1287 1712 quicquid
1312 1626 1359 1692 eia
1385 1627 1446 1691 im-

246 1733 354 1819 pendo
370 1729 516 1795 debitum
532 1729 655 1806 dicunt,
677 1749 737 1792 neo
761 1727 838 1792 inde
860 1738 967 1812 grates
991 1727 1113 1794 habent
1135 1739 1192 1792 aut
1215 1729 1323 1794 sciunt
1347 1728 1446 1808 mihi3

245 1835 308 1901 hiis
318 1835 346 1899 si
355 1842 458 1900 totam
467 1831 644 1896 attribuero
654 1829 870 1894 substantiam
881 1831 988 1917 aliquo
997 1841 1125 1897 retento
1137 1833 1224 1917 quod
1237 1832 1283 1896 eis
1295 1833 1446 1916 expedire

245 1936 360 2025 possit,
382 1934 465 1998 nihil
501 1944 610 1998 actum
635 1933 737 2010 aiunt,
762 1933 829 1997 imo
852 1934 1033 1998 detrectant
1059 1945 1093 2000 et
1117 1935 1189 2000 irati
1213 1946 1447 2001 convertuntur

244 2042 280 2106 in
295 2050 404 2106 actum
418 2059 567 2123 pravum,
582 2047 736 2120 tanquam
761 2058 828 2100 non
855 2037 936 2100 mihi
956 2038 1014 2101 sed
1036 2039 1082 2103 eis
1098 2049 1194 2104 natus
1209 2039 1282 2118 sim,
1306 2049 1340 2102 et
1354 2040 1446 2124 quasi

244 2141 368 2208 domini
383 2141 449 2205 sint
463 2150 497 2206 et
511 2161 570 2224 ego
586 2160 708 2217 servus,
718 2139 773 2224 qui
787 2139 834 2202 nil
848 2139 928 2203 mihi
944 2140 1001 2204 sed
1016 2131 1063 2204 eis
1079 2141 1187 2204 omnia
1202 2141 1445 2225 adquisierim.†

245 2245 477 2312 Paterfamilias
506 2245 541 2307 in
564 2243 749 2324 Terenti0,‡
776 2242 831 2328 qui
857 2243 978 2308 similes
1007 2242 1148 2307 habebat
1175 2263 1283 2306 rerum
1313 2263 1444 2308 suarum

246 2350 432 2427 salvatores,
456 2346 512 2424 ait,
535 2345 623 2410 solus
648 2365 796 2409 meorum
822 2367 895 2408 sum
922 2366 1014 2408 meus
1024 2370 1035 2424 ;
1064 2345 1128 2409 hoc
1150 2344 1212 2408 etsi
1237 2365 1304 2407 non
1328 2344 1445 2428 singuli

244 2451 341 2518 multi
355 2459 463 2536 patres
488 2449 593 2513 dicere
608 2455 759 2532 possunt,
774 2447 859 2510 servi
874 2448 1006 2532 mejam
1032 2447 1180 2511 vicerunt
1200 2445 1275 2510 mei.
1321 2445 1386 2510 Sed
1408 2455 1447 2512 ut

243 2555 352 2619 verius
375 2559 437 2632 est,
463 2550 547 2616 servi
569 2551 644 2636 quia
666 2549 728 2614 sibi
748 2549 824 2614 solis
847 2557 970 2613 attente
992 2549 1149 2628 serviunt,
1171 2549 1249 2612 dum
1265 2547 1342 2612 novi
1367 2559 1446 2614 sunt

243 2657 347 2722 multa
361 2663 544 2721 reverenter
552 2663 662 2739 agunt,
674 2653 872 2738 negligenter
882 2663 991 2718 autem
1011 2663 1136 2738 postea.
1180 2651 1324 2718 Quidam
1338 2662 1445 2736 pater-

243 2758 379 2824 familias
393 2758 428 2822 in
441 2756 537 2821 nobis
552 2767 613 2836 est,
629 2756 685 2842 qui
700 2755 836 2842 singulis
862 2756 955 2820 annis
981 2777 1085 2822 novos
1114 2754 1178 2819 sibi
1200 2755 1352 2840 providet
1378 2777 1445 2820 ser-

242 2865 389 2941 vientea3
424 2859 512 2925 unde
541 2859 651 2945 plures
677 2859 786 2944 ipsum
813 2868 953 2944 arguunt
978 2858 1216 2936 inconstantia,
1252 2857 1333 2922 mihi
1366 2879 1444 2924 vero

244 2967 371 3052 sapiens
385 2963 514 3028 videtur
528 2971 562 3026 et
576 2961 743 3048 providus,
770 2960 845 3046 quia
870 2960 1003 3024 timidos
1026 2981 1083 3023 eos
1109 2968 1143 3023 et
1166 2968 1309 3024 attentos
1335 2960 1444 3026 habet.

245 3068 327 3134 Hmc
342 3066 451 3132 omnia
464 3087 524 3151 pro
539 3085 614 3151 rege
628 3073 760 3129 nasum
777 3061 941 3147 quomodo
956 3069 1141 3146 compescet
1150 3060 1250 3124 millia
1260 3061 1399 3127 millium
1412 3073 1446 3128 et

242 3171 284 3236 ad
297 3192 410 3255 pacem
424 3167 626 3254 gubernabit,
643 3187 718 3231 oum
733 3186 795 3228 nos
810 3163 930 3227 modici
952 3171 1061 3247 patres
1075 3161 1236 3226 moderari
1248 3185 1371 3248 paucos
1386 3187 1445 3232 ne·

242 3293 409 3358 queamus.
453 3271 551 3338 Certe
576 3272 692 3337 domus
718 3265 827 3333 omnis
862 3286 966 3329 unum
994 3263 1095 3329 habet
1118 3286 1247 3330 servum
1274 3275 1308 3331 et
1332 3269 1444 3353 plures

244 3375 411 3456 dominos3
435 3374 510 3459 quia
535 3374 590 3459 qui
605 3381 724 3459 praeest
739 3368 839 3439 servit
854 3366 1018 3446 omnibus,
1031 3366 1149 3450 quibus
1165 3367 1305 3433 servitur
1319 3371 1444 3437 domini

274 3595 290 3625 ⁸
308 3591 364 3641 One
375 3591 404 3640 ot
412 3590 455 3640 the
465 3591 564 3651 nepotes
574 3588 603 3637 ot
620 3587 716 3638 Walter
736 3589 824 3652 Mapea
889 3587 907 3647 †
923 3585 1013 3635 Under
1023 3585 1067 3634 the
1078 3583 1303 3646 Angla-Neruam
1320 3598 1382 3634 aven
1402 3587 1446 3637 tha

242 3672 371 3742 (Philippo
382 3671 445 3735 Map
456 3671 541 3733 nepoti
552 3668 619 3734 mec)
629 3671 651 3719 ia
662 3672 762 3724 witness
772 3675 799 3718 to
810 3685 826 3718 a
857 3667 972 3731 personat
987 3669 1106 3728 property
1116 3664 1145 3712 ot
1160 3665 1203 3713 the
1214 3666 1273 3725 sart,
1290 3671 1404 3729 pessunt,
1415 3682 1444 3717 or

242 3753 380 3810 chartarot
398 3752 438 3802 hir
456 3750 530 3800 uncle
549 3750 648 3813 printed
665 3751 692 3798 in
710 3749 753 3798 the
772 3749 824 3810 Ap·
857 3748 998 3806 villamur
1005 3744 1444 3814 oonsidcredasrirtuallybelonging

241 3837 333 3902 pendia
350 3840 377 3884 tc
387 3834 431 3884 the
443 3831 618 3883 Introduction
628 3836 655 3880 to
672 3817 715 3895 my'
732 3828 827 3879 edition
858 3832 886 3876 to
897 3827 939 3876 tha
949 3827 1004 3877 lord
1016 3826 1045 3876 ot
1052 3826 1095 3874 the
1105 3827 1162 3876 soil.
1197 3828 1243 3878 See
1254 3827 1379 3879 Arobaeol.
1391 3831 1442 3881 rol.

243 3919 272 3968 ot
280 3919 318 3968 his
330 3918 427 3976 Poeans,
444 3932 471 3981 p.
482 3915 550 3964 xxix.
858 3922 915 3958 xxx.
927 3924 953 3973 p.
966 3909 1024 3967 229,
1041 3913 1067 3956 et
1078 3921 1130 3971 req.

276 4001 292 4061 ss
309 3999 471 4059 caraman
481 3997 582 4046 Terent.
595 3993 694 4044 Phorm.
706 4008 730 4043 a.
741 3991 776 4042 ir.
787 4005 823 4043 ac.
836 3995 859 4052 1,
871 3993 912 4040 20.

469 4105 486 4134 ‘⁴
499 4101 605 4158 Quodsi
616 4101 653 4161 fit,
666 4106 694 4152 ut
705 4115 744 4151 rna
755 4099 886 4158 excudam,
897 4101 971 4161 atquc
982 4094 1091 4159 egrediar
1103 4095 1185 4158 domo,

502 4186 533 4238 ld
544 4189 635 4240 restat:
654 4199 712 4236 nam
722 4197 769 4248 ego
780 4195 891 4235 meorum
902 4179 969 4232 aolus
980 4191 1036 4228 aum
1047 4180 1140 4230 meur.'¹
