3608 4862
379 503 444 564 106
810 515 1000 564 ocensem
1024 515 1147 562 naras
1390 510 1515 576 [noune.
1527 513 1566 566 11·

378 669 542 736 orationes
556 677 590 735 et
602 670 817 756 eleemosynae
830 668 976 735 fidelium
990 669 1191 754 profuerunt,
1202 672 1240 729 ut
1249 663 1329 728 mihi
1343 664 1439 730 liceat
1453 664 1582 732 absolu·

377 779 500 840 tionem
516 776 658 859 petere.”
703 773 884 838 Absolutus
900 773 997 858 igitur
1020 795 1094 836 oum
1118 791 1234 856 magna
1257 767 1433 834 multorum
1453 790 1582 856 proces-

378 883 469 946 sione
485 902 588 964 usque
600 881 642 943 ad
653 881 778 943 foveam
789 878 923 944 veniens
934 877 1058 958 incidit,
1070 899 1143 962 quoe
1155 885 1271 962 sponte
1282 898 1463 961 supereum
1474 879 1582 944 clausa

379 993 439 1050 est.
476 985 592 1050 Novus
607 983 660 1048 bio
675 1005 769 1048 ocsus
782 1004 903 1048 novem
918 981 1036 1047 divinae
1050 979 1176 1067 pagine
1192 979 1447 1064 disputationem
1461 981 1580 1047 intulit.

691 1158 742 1220 De
757 1155 941 1240 quibusdam
950 1153 1138 1236 proverbiis.
1182 1151 1271 1216 xxxi.

423 1293 523 1358 Miles
543 1290 686 1379 quidam,
709 1289 932 1356 haereditarius
957 1289 1100 1354 Franciae
1126 1289 1332 1368 senescallus,
1356 1289 1515 1356 decedens
1539 1292 1584 1358 ait

377 1395 446 1462 filio
461 1417 533 1477 suo,
556 1395 651 1462 “Fili
665 1394 845 1474 karissime,
868 1415 928 1479 per
945 1393 1082 1478 gratiam
1104 1391 1169 1457 Dei
1182 1400 1293 1476 gratus
1308 1414 1344 1456 es
1359 1393 1530 1474 universis,
1551 1405 1584 1459 et

378 1501 541 1566 Dominus
558 1509 667 1565 tecum
682 1508 733 1563 est
747 1497 929 1562 manifeste.
973 1497 1072 1560 Nunc
1086 1504 1195 1560 autem
1210 1495 1281 1560 haec
1296 1495 1410 1560 ultime
1423 1507 1583 1583 praeoepta

378 1626 451 1670 mee
465 1625 636 1670 conserves
651 1624 711 1687 pro
728 1601 831 1665 salute
845 1610 902 1664 tua
916 1599 1068 1683 bonoque
1089 1607 1176 1662 statu
1196 1620 1345 1684 personae
1369 1609 1434 1664 tuae
1459 1623 1583 1666 rerum·

378 1727 452 1792 que,
461 1714 495 1769 et
509 1713 546 1767 ut
561 1725 716 1788 prospero
731 1703 892 1786 gaudeant
906 1701 996 1766 exitu
1011 1711 1116 1786 coepta
1131 1711 1197 1766 tua.
1243 1703 1321 1767 Non
1330 1701 1481 1768 liberabis
1489 1704 1580 1788 justo

378 1809 632 1874 condemnatum
667 1805 813 1890 judici03
848 1827 915 1869 non
940 1804 1033 1869 bibes
1059 1827 1176 1891 aquam
1201 1815 1344 1870 veterem
1370 1828 1443 1891 quoe
1470 1806 1511 1870 de
1545 1828 1579 1871 se

378 1911 484 1976 rivum
496 1932 561 1974 non
575 1909 652 1974 facit
660 1933 670 1988 ;
693 1930 759 1972 non
770 1907 925 1972 exaltabis
938 1929 1066 1972 servum
1077 1933 1086 1986 3
1109 1931 1176 1972 non
1186 1907 1285 1973 duces
1297 1907 1395 1972 filiam
1408 1909 1560 1974 adulterae
1571 1933 1582 1992 3

375 2037 445 2080 non
460 2014 571 2079 credes
586 2014 657 2076 rufo
673 2012 840 2097 ignobili.''
885 2011 987 2074 Filius
1003 2011 1101 2096 igitur
1120 2021 1212 2096 petre
1235 2011 1362 2097 sepulto
1379 2021 1549 2098 susceptus
1563 2035 1583 2075 a

376 2141 450 2204 rege
465 2118 499 2182 in
514 2118 738 2182 haereditatem
758 2117 974 2201 officiumque,
994 2117 1137 2202 primum
1158 2124 1269 2200 gratm
1285 2115 1348 2200 ipsi
1363 2116 1430 2201 regi
1445 2117 1506 2181 toti
1521 2116 1582 2180 fuit

376 2233 528 2307 acceptus
546 2221 702 2300 Franciae,
726 2229 795 2284 erat
819 2219 907 2284 enim
922 2220 971 2284 vir
985 2228 1176 2284 mansuetus
1191 2228 1226 2284 et
1239 2219 1369 2305 sapiens
1387 2229 1421 2284 et
1441 2219 1525 2286 bene
1546 2242 1581 2284 se

376 2325 582 2390 conformans
597 2323 759 2390 bonorum
776 2323 930 2388 moribus.
977 2323 1091 2387 Minus
1103 2333 1213 2387 tamen
1225 2323 1309 2388 circe
1318 2322 1420 2408 patris
1436 2323 1486 2388 sui
1501 2344 1581 2409 prae·

376 2437 471 2512 cepta
497 2427 645 2511 diligens,
667 2447 802 2490 uxorem
825 2425 919 2490 duxit
940 2425 1042 2489 filiam
1068 2426 1233 2504 adulterae,
1260 2415 1451 2510 servumque
1473 2427 1580 2490 rufum

375 2529 499 2594 habens
521 2530 651 2614 graculo
667 2528 821 2594 esurienti
837 2527 986 2610 similem,
1001 2537 1113 2594 notata
1137 2529 1240 2614 ipsius
1266 2529 1494 2610 sollicitudine,
1510 2530 1579 2594 dili·

375 2633 484 2717 gentia
498 2634 674 2718 rapidaque
689 2633 892 2717 negotiorum
908 2633 1073 2711 instantia,
1090 2653 1124 2696 se
1139 2632 1266 2697 felicem
1275 2632 1308 2696 in
1324 2633 1394 2717 ejus
1410 2633 1579 2698 arbitratur

375 2738 530 2816 adventu,
545 2736 666 2823 pariter
680 2759 755 2800 cum
770 2736 842 2821 ipso
857 2737 922 2801 Dei
936 2738 978 2800 ad
994 2759 1028 2801 se
1040 2735 1301 2802 benedictionem
1317 2737 1516 2822 ingressam3
1530 2737 1579 2822 ip-

376 2859 450 2904 sum
475 2837 573 2923 igitur
598 2846 666 2904 tam
690 2837 819 2902 familia
846 2859 943 2926 quam
968 2838 1115 2926 pecuniee
1141 2861 1239 2929 quam
1264 2838 1423 2908 universis
1446 2839 1580 2926 praeficit

375 2939 485 3008 rebus.

701 3115 864 3178 Conclusio
872 3117 1119 3197 premissorum.
1163 3115 1263 3182 xxxii.

422 3246 544 3314 Silvam
559 3245 654 3314 vobis
669 3258 703 3313 et
725 3249 902 3330 materiam,
929 3274 996 3316 non
1019 3253 1091 3318 dico
1114 3253 1306 3333 fabularum,
1332 3252 1389 3318 sed
1413 3252 1578 3331 feminum,

376 3374 525 3439 appono:
550 3352 701 3418 tractatui
716 3354 836 3418 etenim
855 3376 1043 3421 sermonum
1065 3379 1132 3424 non
1153 3358 1300 3437 intendo,
1313 3378 1372 3422 nec
1388 3357 1415 3422 si
1431 3357 1578 3421 studeam

376 3477 556 3542 consequar
567 3482 577 3538 3
616 3456 734 3542 singuli
762 3457 899 3523 lectores
928 3461 1111 3544 oppositam
1137 3462 1311 3526 ruditatem
1334 3461 1520 3546 exculpunt,
1544 3471 1579 3524 ut

378 3579 490 3624 eorum
504 3558 664 3625 industria
684 3559 771 3624 bons
792 3560 872 3626 facie
896 3562 1031 3646 prodeat
1045 3561 1078 3626 in
1094 3563 1272 3648 publicum.
1315 3563 1460 3628 Venator
1473 3572 1579 3629 vester

377 3683 462 3744 sum,
476 3663 559 3726 feras
573 3662 667 3728 vobis
683 3663 792 3744 affero,
806 3663 928 3729 fercula
941 3665 1077 3731 faciatis.

542 3870 687 3952 Eeplieit
702 3871 863 3936 distinctio
878 3874 1013 3938 secunda
1028 3874 1196 3957 Nonarum
1215 3873 1399 3938 camoliam.
