3610 4852
399 535 458 594 188
830 547 1017 592 contram
1042 547 1164 590 marus
1403 546 1523 608 [Durine.
1537 541 1583 595 tv.

396 720 467 804 ejus
483 728 516 782 et
530 726 659 802 gentem
677 717 854 802 inquirens.
900 720 920 752 “
938 715 1123 794 Salomon‚’'
1140 714 1257 800 inquit,
1272 717 1293 750 “
1308 713 1389 779 mihi
1404 736 1526 779 nomen
1541 725 1602 794 est,

396 832 526 906 gentem
551 822 672 895 nescio,
702 821 778 905 quia
804 843 856 886 me
878 821 1058 905 projectum
1083 819 1208 883 invenit
1230 827 1264 882 et
1285 818 1423 882 nutrivit
1447 819 1601 884 Henno.'’

397 923 458 989 Ille
472 924 555 988 flens
571 924 752 1008 respondit,
768 925 865 1009 “Ego
882 924 981 989 scio.''
1004 923 1102 990 Quod
1119 932 1155 986 ut
1172 922 1328 988 Hennoni
1343 944 1424 1009 puer
1445 922 1602 1002 innotuit,

397 1028 516 1092 timens
545 1027 585 1091 ab
617 1029 757 1113 Ylispon
778 1028 907 1113 prodito
927 1026 1062 1091 consilio
1088 1027 1140 1091 vel
1163 1025 1302 1090 interfici
1316 1027 1368 1091 vel
1383 1037 1422 1090 ut
1436 1027 1602 1091 modicum

398 1131 607 1210 exhaeredari,
623 1131 743 1217 oppida
765 1131 883 1210 munit,
898 1141 932 1194 et
953 1131 994 1194 ad
1017 1152 1131 1194 omnes
1151 1129 1280 1214 ignotos
1300 1139 1334 1194 et
1354 1130 1502 1215 cognitos
1516 1131 1602 1194 foras

398 1231 500 1297 misso
535 1233 651 1297 timore
676 1233 913 1297 confessionem
938 1232 1064 1296 consilii
1091 1232 1142 1295 sui
1172 1231 1343 1296 manifeste
1367 1230 1477 1296 mittit
1536 1232 1602 1297 Im·

397 1335 503 1420 plorat
522 1358 635 1400 eorum
657 1335 767 1399 sibiet
783 1357 842 1400 suo
858 1335 991 1398 domino
1007 1335 1135 1398 auxilia.
1181 1333 1282 1397 Multi
1297 1355 1373 1419 ergo
1389 1334 1497 1419 magni
1512 1333 1601 1420 prin·

397 1439 485 1524 cipes
507 1439 695 1518 Britannice,
717 1461 775 1524 per
795 1439 1039 1524 oppressionem
1059 1448 1093 1502 et
1114 1438 1318 1524 tyrannidem
1337 1437 1489 1523 Ylispon,
1511 1439 1601 1524 prius

397 1542 439 1606 ad
453 1543 533 1606 iram
549 1541 727 1626 provocati,
739 1543 807 1626 jam
825 1563 912 1605 nunc
928 1550 1073 1627 optatam
1088 1541 1237 1606 videntes
1252 1543 1543 1626 opportunitatem,
1561 1542 1602 1606 ad

400 1645 597 1710 Hennonem
622 1645 689 1708 laeti
713 1645 921 1710 conveniunt.
966 1644 1020 1709 Ad
1038 1644 1098 1709 hos
1119 1645 1214 1709 timet
1232 1645 1371 1731 Ylispon
1388 1667 1545 1726 rumores,
1570 1657 1603 1711 et

398 1769 609 1834 quoscunque
631 1758 741 1833 potest
760 1749 794 1812 in
816 1747 996 1812 subsidium
1015 1749 1162 1828 advocat,
1182 1749 1268 1813 inter
1285 1770 1367 1835 quos
1388 1749 1602 1816 Meinfelinus

396 1853 437 1916 de
466 1852 625 1930 Kimelec,
649 1853 699 1916 vir
719 1851 987 1937 sapientissimus,
1015 1852 1158 1916 advenit.
1204 1852 1365 1936 Injecerat
1386 1863 1497 1918 autem
1520 1875 1602 1919 uxor

397 1955 538 2042 Ylispon
562 1957 597 2019 in
613 1956 769 2040 juvenem
794 1955 880 2019 illius
903 1965 1084 2020 conventus
1107 1955 1229 2033 oculos,
1252 1967 1380 2021 etcum
1404 1958 1600 2023 seinvicem

396 2070 551 2134 amarent,
568 2050 800 2124 Meinlelinum
822 2059 984 2123 timebant
1006 2059 1098 2143 quasi
1121 2059 1293 2143 providum
1317 2070 1350 2123 et
1372 2064 1600 2144 conjectorem,

396 2184 436 2227 ne
460 2163 562 2249 ipsius
582 2163 796 2247 proderentur
810 2163 948 2226 insidiis.
993 2162 1203 2226 Machinatur
1223 2161 1354 2226 domina
1374 2173 1412 2227 ut
1425 2163 1534 2249 ipsum
1549 2163 1600 2227 vel

395 2268 599 2331 accusatione
610 2266 663 2330 vel
674 2288 804 2352 quoquo
816 2267 937 2351 injecto
948 2265 1102 2350 pudendo
1118 2266 1271 2350 scrupulo
1287 2289 1305 2329 a
1320 2267 1409 2330 curia
1424 2275 1599 2331 semoveat.

397 2368 473 2435 Quo
488 2369 559 2455 ipse
575 2379 753 2453 comperto,
775 2368 859 2432 filios
881 2389 957 2432 suos
979 2377 1053 2432 octo
1071 2377 1284 2454 caeteramque
1299 2369 1452 2433 familiam
1468 2369 1600 2434 instruit

395 2473 546 2558 quatinus
560 2474 594 2538 in
611 2472 701 2535 omni
722 2492 799 2535 casu
820 2493 854 2535 se
874 2472 921 2535 ita
940 2471 1129 2536 contineant
1150 2483 1188 2535 ut
1211 2473 1320 2556 ipsum
1336 2472 1477 2537 viderint
1496 2472 1598 2537 conti·

394 2587 537 2641 nentem.
585 2574 709 2639 Fatuus
724 2575 832 2659 igitur,
853 2573 910 2658 qui
930 2573 1096 2637 adomina
1110 2574 1290 2639 instructus
1306 2575 1441 2639 domum
1460 2574 1597 2654 oberrat,

395 2677 589 2742 Meinfelino
610 2677 735 2742 bibenti
751 2676 799 2740 lac
814 2675 847 2738 in
866 2697 980 2739 mensa
995 2697 1051 2739 vas
1066 2675 1158 2740 lactis
1173 2676 1208 2738 in
1224 2686 1322 2760 caput
1337 2675 1521 2761 supinavit3
1544 2679 1596 2763 qui

394 2781 485 2864 quasi
508 2781 548 2844 de
569 2781 707 2844 stultitia
732 2781 802 2864 ejus
822 2778 944 2856 ridens,
958 2779 1007 2842 lac
1022 2779 1165 2843 excussit
1178 2778 1212 2841 in
1224 2779 1362 2857 fatuum,
1377 2789 1410 2843 et
1424 2779 1550 2864 placata
1567 2789 1599 2844 et

393 2881 527 2966 pacifica
555 2881 635 2945 facie
664 2881 871 2964 praestolatur
899 2879 1070 2958 ultionem,
1095 2879 1136 2944 ab
1166 2880 1304 2964 Ylispon
1331 2880 1503 2946 arbitratus
1527 2884 1597 2968 ipse

395 2983 574 3047 secundum
589 2985 697 3048 visum
712 3005 779 3047 non
795 2983 946 3068 injuriam
962 2983 1024 3047 sibi
1044 2983 1125 3062 fieri,
1148 2993 1180 3048 et
1197 2985 1324 3068 justum
1345 3006 1487 3050 errorem
1507 2987 1597 3066 fatui,

394 3087 446 3150 his
462 3085 571 3151 oblitis
586 3095 620 3150 et
634 3085 746 3149 inultis
763 3086 855 3170 quasi
875 3087 1010 3151 domum
1030 3108 1178 3150 reversus
1199 3087 1345 3152 abscedit
1364 3110 1440 3152 cum
1456 3089 1596 3154 licentia.

394 3189 538 3255 Veniens
565 3189 605 3253 ad
631 3189 838 3267 Hannonem,
865 3211 961 3276 quern
992 3189 1116 3254 tristem
1145 3189 1279 3270 invenit,
1309 3191 1513 3256 latissimum
1538 3215 1597 3257 suo

394 3294 501 3358 reddit
522 3295 675 3357 adventu.
722 3293 785 3356 Cui
809 3292 941 3371 Henno,
968 3293 1181 3357 “Victoriam
1205 3305 1349 3358 nostram
1372 3305 1480 3359 tecum
1503 3294 1597 3360 nobis

394 3421 430 3463 ac
447 3420 504 3483 per
518 3407 551 3461 te
563 3421 582 3460 a
596 3398 669 3462 Deo
686 3397 818 3460 missam
833 3397 866 3462 in
885 3399 948 3462 hoc
971 3397 1040 3462 solo
1056 3397 1208 3461 timemus
1224 3399 1375 3483 impediri
1388 3421 1496 3483 posse,
1508 3399 1597 3484 quod

393 3503 518 3567 vicinus
538 3511 650 3566 noster
667 3501 779 3580 Camo,
791 3501 923 3586 juvenis
939 3501 1082 3585 prudens
1101 3511 1134 3565 et
1150 3511 1301 3566 strenuus
1317 3502 1514 3588 optimisque
1529 3525 1598 3567 cas-

392 3606 478 3671 tellis
501 3604 682 3684 abundans‚
705 3627 744 3668 ex
766 3626 838 3669 meo
854 3625 1012 3668 concessu
1029 3625 1121 3690 spem
1138 3617 1330 3688 conceperat
1344 3604 1483 3670 ducendi
1498 3606 1597 3671 filiam

393 3731 497 3773 meam
520 3709 648 3773 unicam
669 3718 703 3772 ct
722 3706 762 3771 ab
788 3707 877 3772 omni
897 3707 1003 3771 adhuc
1023 3707 1178 3771 intactam
1194 3707 1283 3787 vir03
1306 3730 1403 3793 quam
1420 3709 1495 3794 quia
1510 3732 1597 3774 nunc

392 3811 483 3875 audit
497 3833 549 3874 me
565 3820 690 3873 mutata
708 3809 869 3872 sententia
882 3807 1048 3874 Salomoni
1063 3808 1241 3892 pacificare,
1256 3810 1377 3895 oppida
1392 3811 1509 3890 munit,
1520 3834 1597 3897 gen·

390 3925 458 3977 tem
481 3912 685 3997 multiplicat,
708 3911 792 3975 vires
810 3911 900 3974 omni
916 3920 1034 3975 conatu
1049 3921 1156 3995 auget,
1172 3912 1405 3998 manifestaque
1420 3913 1509 3980 rabie
1525 3939 1597 3980 sua·

390 4037 462 4079 rum
478 4015 697 4079 inflammatur
712 4015 902 4100 injuriarum
914 4015 1000 4079 ultor
1010 4014 1090 4078 fieri.
1136 4014 1286 4100 Cumque
1302 4016 1596 4102 pertinacissimum

391 4118 434 4182 sit
448 4115 559 4181 odium
575 4117 663 4201 quod
678 4137 718 4181 ex
734 4139 843 4182 amore
859 4120 1081 4203 degeneratur,
1096 4115 1149 4182 hic
1165 4117 1228 4183 nisi
1244 4129 1453 4184 convertatur
1468 4122 1509 4186 ad
1525 4144 1596 4200 nos,
