3610 4852
233 527 293 590 cap.
308 525 356 588 vt]
619 526 664 568 nn
684 527 793 572 nucis
811 527 1037 574 cunranruu.
1361 515 1424 574 229

218 693 386 757 minusca
416 693 470 756 die
494 693 686 776 praedictum
711 696 952 781 imperatorem,
977 708 1011 762 et
1035 719 1093 783 per
1118 698 1254 779 gratiam
1282 697 1427 760 suamei

217 817 326 860 coram
348 795 450 860 oculis
473 797 593 880 posuit,
608 797 697 882 quod
722 799 830 883 ipsum
858 801 1018 886 cupiditas
1043 801 1084 864 ad
1107 801 1213 864 fratris
1236 821 1351 864 necem
1366 800 1427 864 im·

218 900 346 984 pulerat
359 909 393 963 et
408 899 509 984 patris
525 901 658 965 exilium
683 913 717 967 et
742 903 782 967 ad
805 905 926 968 caedem
943 914 1137 989 praesentem
1153 925 1225 989 quae
1240 902 1426 966 innumera-

219 1001 292 1066 bilis
319 1013 388 1066 erat
413 1013 446 1066 et
470 1003 531 1067 toti
554 1006 678 1068 mundo
703 1005 880 1090 plorabilis,
895 1008 1121 1093 poenitensque
1146 1008 1272 1070 fortiter
1295 1027 1314 1068 a
1334 1004 1427 1068 malis

219 1107 319 1171 exivit
333 1107 417 1171 foras
433 1115 467 1170 et
481 1106 571 1170 flevit
585 1130 703 1187 amare,
714 1119 748 1172 et
762 1112 927 1176 camerarii
942 1134 1008 1176 non
1021 1111 1181 1175 temerarii
1197 1111 1255 1174 sed
1271 1108 1427 1194 sapientis

219 1223 254 1276 et
268 1211 372 1276 fidelis
387 1233 497 1294 opera,
517 1211 668 1276 simulato
683 1213 774 1296 prius
790 1214 904 1279 morbo
917 1215 1089 1300 januisque
1105 1217 1230 1293 seratis,
1246 1225 1280 1279 et
1294 1214 1426 1278 demum

220 1317 290 1401 ejus
311 1323 415 1378 morte
446 1314 607 1392 nunciata,
622 1315 766 1399 seipsum
794 1318 986 1402 proscripsit
1009 1319 1171 1402 poenitens
1198 1327 1232 1380 et
1258 1316 1363 1380 evasit
1386 1315 1428 1380 ad

220 1418 353 1482 exilium
380 1417 576 1482 ultroneum.
636 1418 868 1484 procuraverat
899 1435 1008 1486 autem
1042 1418 1235 1484 camerarius
1260 1431 1426 1482 mortuum

220 1522 292 1585 loco
322 1522 403 1606 ejus,
430 1531 464 1586 et
486 1521 721 1606 pretiosissime
752 1524 933 1589 involverat
958 1524 1125 1589 conditum
1156 1522 1368 1600 aromatibus,
1394 1529 1429 1586 et

219 1623 377 1709 imperiali
409 1645 531 1708 pompa
555 1625 690 1708 sepelire
712 1626 799 1690 lecit.
860 1628 937 1712 lpse
959 1638 1068 1692 autem
1097 1626 1268 1711 processit,
1295 1645 1429 1709 corpore

219 1749 332 1812 vagus,
347 1727 456 1790 animo
470 1727 595 1806 firmus,
610 1749 670 1793 nac
692 1730 801 1813 potuit
823 1733 907 1795 tanti
931 1731 999 1796 doli
1021 1731 1120 1794 latere
1136 1751 1270 1814 prorsus
1294 1729 1428 1807 utilitas,

221 1830 327 1896 bonus
350 1831 437 1896 enim
452 1831 556 1895 iuerat
581 1842 615 1894 et
629 1843 787 1917 quantum
802 1834 893 1898 visus
911 1844 963 1900 est
974 1835 1065 1918 justa
1079 1833 1213 1898 fallacia.
1260 1832 1379 1896 Multis
1394 1832 1428 1894 in
1465 1855 1467 1860 ·

220 1935 299 2000 locis
314 1945 533 2021 apparuerunt
547 1935 642 1998 multi
656 1935 710 2019 qui
728 1957 762 2000 se
778 1936 929 2002 dicebant
943 1937 1035 2001 illum
1050 1937 1278 2021 imperatorem
1295 1955 1378 2012 esse,
1394 1944 1429 1998 et

221 2048 359 2103 mortem
375 2037 477 2123 ipsius
494 2037 699 2102 simulatione
714 2039 911 2116 asserebant,
926 2049 1003 2124 post
1017 2039 1187 2103 decessum
1202 2039 1304 2102 immo
1321 2059 1427 2102 reces-

222 2165 295 2206 sum
322 2143 404 2228 ejus,
430 2151 470 2206 ut
494 2141 699 2206 honorabiles
724 2141 931 2220 haberentur,
957 2153 991 2207 et
1016 2142 1111 2205 multi
1135 2142 1208 2205 falsi
1233 2141 1428 2226 deprehensi

222 2252 311 2308 sunt.
354 2243 576 2306 Veruntamen
593 2241 739 2306 Cluniaci
755 2255 927 2329 susceptus
950 2245 979 2308 ei
995 2243 1178 2308 simillimus
1201 2255 1239 2306 ut
1252 2242 1430 2321 dicebatur,

222 2368 346 2432 pauper
374 2344 500 2424 habitu,
530 2367 678 2410 sermone
704 2346 801 2410 nimis
825 2347 1008 2432 ambiguus,
1035 2358 1074 2411 ut
1106 2369 1147 2412 ex
1179 2348 1253 2433 ipso
1276 2356 1429 2410 neutrum

221 2447 354 2534 agnosci
374 2448 488 2532 possit.
532 2447 645 2510 Abbas
660 2457 780 2526 autern,
798 2457 835 2511 ut
851 2448 998 2512 Cluniaci
1022 2471 1093 2512 mos
1118 2457 1178 2526 est,
1207 2449 1315 2533 ipsum
1339 2469 1429 2512 reve-

107 2595 110 2600 ·
224 2562 331 2617 rentcr
345 2549 530 2616 exhibebat.
555 2550 704 2635 Contigit
718 2561 826 2615 autem
837 2553 924 2637 quod
940 2553 1104 2636 dompnus
1117 2551 1265 2616 Cluniaci
1276 2553 1430 2616 Aleman-

224 2677 286 2719 nus
302 2655 389 2740 prior
400 2654 536 2732 veniret,
552 2675 648 2740 quem
660 2654 813 2718 dominus
829 2654 929 2719 abbas
942 2655 983 2720 ad
998 2655 1104 2719 virum
1125 2655 1217 2719 illum
1232 2655 1427 2718 instructum

224 2759 324 2837 misit,
345 2769 384 2823 ut
411 2758 547 2836 videret,
570 2779 667 2841 quem
693 2759 721 2821 ai
746 2757 871 2822 viderat
894 2769 928 2822 et
952 2759 1182 2822 manifestaret.
1228 2758 1289 2821 llle
1319 2779 1428 2822 secum

220 2863 374 2947 juvenem
390 2871 543 2944 nepotem
560 2882 655 2924 suum
672 2860 775 2939 duxit,
790 2861 846 2945 qui
861 2883 935 2925 cum
951 2862 1023 2946 ipso
1040 2860 1095 2926 diu
1116 2862 1231 2940 luerat,
1248 2859 1429 2946 quistatim

222 2963 295 3048 ipso
318 2964 390 3028 viso
412 2964 494 3028 dixit
516 2985 591 3026 eum
614 2963 835 3028 simulatorem
860 2974 894 3028 et
922 2965 1052 3028 falsum.
1110 2965 1155 3029 At
1178 2965 1249 3051 ipse
1276 2965 1370 3028 velox
1396 2975 1431 3028 et

223 3067 414 3132 inconfusus
429 3077 463 3130 et
477 3075 581 3143 tutus,
596 3067 625 3130 ei
641 3066 766 3150 alapam
781 3067 898 3130 fortem
917 3067 1018 3146 dedit,
1034 3075 1067 3131 et
1082 3068 1175 3146 dixit,
1191 3071 1212 3104 “
1228 3069 1281 3132 'Pu
1299 3089 1428 3132 mecum

224 3169 316 3233 luisti
337 3189 423 3246 vere,
447 3168 505 3232 sed
526 3190 654 3254 semper
679 3168 835 3253 proditor,
851 3180 885 3233 et
910 3170 944 3234 in
968 3193 1032 3235 una
1055 3171 1276 3255 proditionum
1300 3179 1428 3233 tuarum

223 3273 422 3356 interceptus
444 3270 586 3349 evaristi,
609 3271 666 3336 sed
688 3271 747 3335 tibi
773 3272 904 3355 quidam
931 3274 1107 3337 satellitum
1134 3274 1250 3357 pedem
1277 3273 1428 3338 dextrum

225 3375 350 3460 spiculo
366 3374 466 3438 misso
481 3374 666 3470 perforavit,
682 3374 768 3438 unde
784 3374 901 3436 vulnus
924 3376 1030 3439 adhuc
1054 3385 1111 3438 aut
1131 3376 1263 3440 cicatrix
1287 3384 1430 3459 apparet.

226 3477 512 3562 comprehendite,
537 3478 659 3556 famuli,
689 3477 889 3554 traditorem,
920 3487 953 3540 et
978 3476 1165 3542 videbitis.''
1210 3479 1256 3542 Et
1281 3477 1431 3563 apparuit

226 3580 373 3658 cicatrix;
385 3587 420 3642 at
431 3578 561 3664 juvenis
573 3579 629 3657 ait,
642 3579 814 3643 “Domino
826 3599 900 3643 meo
912 3601 1008 3664 quem
1023 3580 1085 3644 iste
1102 3603 1137 3644 se
1152 3580 1245 3665 fingit
1261 3579 1431 3665 singularis

225 3692 294 3746 erat
307 3682 342 3746 in
358 3681 490 3746 brachio
506 3681 620 3745 dextro
635 3681 822 3766 proceritas,
842 3691 881 3744 ut
907 3693 997 3746 stans
1019 3693 1171 3746 extentus
1187 3693 1298 3768 posset
1324 3684 1431 3768 palma

223 3805 309 3868 genu
340 3783 490 3848 dextrum
527 3783 703 3866 operire;''
740 3782 827 3868 quod
857 3783 928 3868 ipse
963 3807 1097 3870 surgens
1133 3786 1241 3850 statim
1273 3785 1430 3871 implevit.

225 3885 288 3950 His
300 3886 378 3950 visis
393 3885 590 3971 aliquamdiu
605 3885 804 3950 reverentius
819 3885 984 3951 exhibitus
997 3897 1057 3966 est,
1080 3898 1115 3953 et
1128 3887 1260 3952 tandem
1276 3888 1429 3952 inventus

223 3999 273 4054 est
287 3990 398 4054 falsus.

266 4091 330 4158 Sed
356 4103 394 4156 ut
418 4090 459 4156 ad
488 4090 656 4154 materiam
682 4089 770 4154 unde
794 4089 957 4174 digressus
986 4113 1056 4154 sum
1083 4103 1234 4170 revertar,
1258 4091 1290 4154 id
1315 4105 1365 4156 est
1389 4093 1428 4156 ad
