3610 4852
243 528 360 592 eaput]
629 531 676 576 us
702 533 811 578 euers
836 531 1063 578 euersuruu.
1374 519 1431 590 173

229 696 316 762 Nam
332 695 360 762 si
375 696 516 782 quando,
531 697 619 784 quod
634 719 705 764 raro
720 699 769 778 fit,
791 701 840 764 vel
863 723 1032 767 successus
1047 701 1098 765 vel
1114 723 1193 786 opes
1209 701 1360 782 afferunt,
1375 714 1432 768 aut

228 808 295 866 um
310 799 467 864 inutiliter
479 811 512 864 et
526 809 592 864 tem
603 823 685 866 vane
700 812 880 882 transeunt,
889 815 928 868 ut
943 806 1024 870 nihil
1039 805 1115 883 sint,
1131 813 1187 868 eut
1202 804 1236 868 in
1252 807 1430 872 cruciatum

228 902 349 965 cedunt
364 911 397 966 et
411 902 586 988 perniciem
603 902 823 988 deceptorum.
868 906 940 990 Ego
956 915 1065 970 autem
1081 906 1203 970 nullam
1218 929 1236 969 a
1252 918 1284 970 te
1295 920 1431 992 expecto

227 1005 444 1083 securitatem,
460 1026 567 1069 mores
582 1015 647 1070 tuae
663 1007 984 1073 sinceritatisedocta
994 1009 1193 1094 plenissime.
1235 1010 1309 1074 Nec
1319 1033 1432 1076 secure

227 1108 390 1174 contendo
416 1107 497 1187 fieri,
524 1108 581 1174 aed
605 1120 638 1174 te
665 1131 815 1174 securum
841 1112 955 1177 fecere.
1010 1111 1083 1196 Ego
1107 1110 1166 1175 tibi
1191 1121 1308 1176 cuncta
1323 1112 1431 1179 libens

227 1233 368 1296 expono,
394 1221 428 1276 et
452 1212 528 1276 volo
550 1221 659 1276 tecum
682 1213 752 1277 hoec
767 1213 892 1278 deferes
907 1223 1080 1299 autequam
1101 1235 1262 1293 coeamus,
1286 1225 1320 1279 et
1343 1237 1430 1301 saepe

228 1313 397 1379 revertaris
422 1314 464 1378 ad
490 1314 582 1398 plura
603 1315 756 1392 tollenda,
779 1316 882 1382 donec
897 1317 1050 1382 universo
1066 1316 1176 1380 debito
1192 1317 1299 1381 soluto
1314 1318 1431 1402 proba-

228 1417 312 1482 veris
327 1417 531 1482 fantasticam
558 1440 624 1482 uon
651 1439 722 1482 esse
750 1418 933 1502 pecuniam,
960 1429 994 1484 et
1016 1441 1082 1483 non
1099 1418 1213 1482 timeas
1229 1423 1297 1483 reri
1312 1420 1430 1484 amoris

228 1520 403 1605 impendiis
412 1519 704 1604 justasrependere
717 1519 813 1584 vices.
859 1521 970 1586 Amari
980 1521 1088 1606 cupio,
1103 1544 1169 1586 non
1185 1521 1355 1599 dominari,
1371 1544 1431 1586 nec

226 1624 324 1688 etiam
339 1623 399 1688 tibi
414 1623 583 1708 parificari,
593 1624 651 1687 sed
666 1623 781 1687 ancilla
795 1623 883 1704 fieri3
901 1625 982 1688 nihil
996 1626 1028 1690 in
1045 1647 1098 1690 me
1110 1625 1251 1709 reperies
1261 1625 1348 1710 quod
1364 1648 1430 1690 non

227 1728 347 1791 sentias
362 1747 503 1791 amorem
521 1748 631 1810 sapere
640 1751 650 1806 3
673 1727 798 1791 nullum
810 1728 1013 1793 adversitatis
1028 1728 1062 1792 in
1078 1750 1130 1792 me
1147 1728 1275 1813 signum
1293 1728 1431 1814 depren-

227 1831 301 1895 dere
325 1838 480 1915 poterunt
500 1851 577 1893 vera
601 1828 756 1893 indicta.’'
801 1831 884 1896 Haec
904 1842 938 1896 et
959 1832 1077 1896 similia
1102 1832 1204 1895 multa
1236 1831 1430 1910 Meridiena,

226 1957 301 1998 cum
325 1955 391 1997 non
412 1942 587 2017 oporteret.
631 1933 758 1996 Avidus
779 1935 865 1998 enim
886 1935 1067 2000 ablatorum
1084 1934 1263 2000 Gerbertus
1279 1936 1346 1999 fere
1363 1955 1430 1998 me·

228 2036 289 2100 diis
304 2059 375 2101 eam
390 2035 497 2120 rapuit
512 2035 715 2100 sermonibus
728 2035 769 2100 ad
783 2038 1004 2117 annuendum,
1015 2037 1131 2102 anxius
1147 2037 1346 2122 paupertatis
1356 2059 1431 2102 eva-

226 2138 304 2204 dere
319 2138 470 2222 oopiosus
493 2137 724 2221 captivitatem,
747 2147 781 2202 et
802 2138 897 2202 velox
912 2138 1179 2203 venustissimum
1195 2139 1331 2204 Veneris
1347 2139 1431 2224 peri-

230 2242 337 2306 culum
354 2241 444 2306 inire.
490 2239 635 2325 Supplex
650 2239 747 2324 igitur
762 2240 870 2303 omnia
886 2239 1039 2324 spondet,
1054 2239 1151 2303 fidem
1167 2240 1272 2318 offert,
1287 2251 1321 2304 et
1342 2243 1430 2326 quod

228 2367 294 2408 non
310 2345 432 2429 petitur
442 2345 663 2428 juramentum
679 2343 788 2407 oscula
799 2342 920 2427 jungit,
935 2342 1025 2406 salvo
1040 2341 1174 2426 pudoris
1189 2342 1313 2426 reliquo
1329 2352 1428 2408 tactu.

271 2447 370 2512 Redit
384 2457 522 2512 onustus
546 2445 737 2524 Gerbsrtus,
759 2447 897 2510 nuncios
911 2446 1081 2510 advenisse
1096 2444 1309 2509 creditoribus
1325 2446 1428 2532 fingit,

227 2561 261 2614 et
293 2550 380 2614 lente
410 2571 452 2614 ne
481 2550 650 2614 thesauros
680 2548 842 2613 invenisse
871 2549 1020 2612 videatur
1050 2569 1084 2612 se
1115 2547 1233 2613 debitis
1264 2560 1427 2614 exonerat.

230 2654 408 2738 Porrojam
423 2652 552 2716 liberet
572 2651 792 2716 Meridianae*
814 2652 1002 2716 muneribus
1025 2651 1185 2730 abundus,
1208 2651 1428 2736 suppellectile

229 2755 362 2834 ditatur,
376 2754 496 2818 familie
511 2754 637 2832 crescit,
651 2754 791 2818 vestium
808 2753 990 2818 mutatoriis
1006 2763 1039 2818 et
1053 2774 1117 2817 aare
1132 2753 1327 2832 cumulatur,
1342 2753 1428 2818 ciba·

229 2859 284 2922 riis
300 2867 335 2922 et
350 2867 431 2942 potu
446 2856 618 2930 stabilitur,
633 2865 671 2920 ut
686 2856 728 2920 sit
743 2857 813 2940 ejus
827 2855 862 2918 in
878 2855 991 2920 Remis
1006 2855 1099 2939 eopia
1114 2855 1228 2920 similis
1243 2855 1353 2941 gloriae
1370 2857 1428 2921 Se·

228 2959 368 3025 lomonis
391 2960 425 3024 in
450 2959 643 3038 Jerusalem,
659 2969 692 3024 et
715 2959 790 3022 lecti
814 2981 926 3024 secura
939 2958 1052 3024 laetitia
1067 2981 1133 3022 non
1148 2958 1265 3037 minor,
1281 2959 1357 3024 licet
1371 2960 1426 3024 ille

228 3064 290 3128 ruit
305 3063 489 3143 multarum,
505 3063 558 3128 hic
573 3063 669 3126 unius
684 3071 818 3126 ametor.
862 3061 1005 3147 Singulis
1020 3062 1061 3125 ab
1076 3062 1147 3146 ipse
1162 3084 1234 3147 quae
1248 3063 1428 3147 prseterito-

228 3189 300 3230 rum
320 3166 461 3230 habebat
477 3166 643 3231 scientiam
659 3165 792 3234 docetur
809 3164 971 3244 noctibus,
986 3165 1064 3249 quid
1079 3164 1112 3229 in
1130 3164 1181 3229 die
1197 3165 1241 3230 sit
1254 3166 1427 3249 agendum.

229 3269 294 3334 Hae
309 3279 386 3333 sunt
400 3280 512 3334 noctes
528 3267 784 3332 admiratissimae
808 3269 938 3346 Numae,
961 3267 1079 3353 quibus
1103 3267 1243 3332 Romani
1263 3267 1429 3352 fingebant

230 3373 384 3438 sacrificia
408 3373 488 3450 fieri,
514 3372 673 3457 colloquia
696 3372 830 3435 deorum
852 3371 973 3448 ascissi,
996 3393 1071 3435 oum
1086 3371 1214 3434 unicam
1231 3370 1360 3447 coleret,
1376 3369 1426 3433 cui

230 3485 389 3539 nocturno
405 3475 515 3540 studio
528 3474 665 3539 sudabat
674 3474 799 3539 occulte
814 3473 1016 3558 sapientiam.
1062 3469 1193 3555 Duplici
1209 3470 1337 3556 proficit
1352 3470 1428 3534 doc-

230 3578 313 3641 trine
329 3577 520 3654 Gerbertus,
536 3575 621 3640 thori
637 3584 671 3640 et
685 3575 814 3653 scholae,
830 3583 863 3638 et
878 3574 918 3637 ed
935 3595 1063 3637 summe
1077 3573 1172 3636 famae
1187 3570 1428 3657 propugnacula

228 3681 408 3766 triumphet
422 3681 456 3744 in
471 3679 590 3765 gloria3
612 3701 672 3743 nec
698 3679 806 3742 minus
821 3699 896 3742 eum
922 3685 1093 3762 promovet
1116 3674 1212 3739 lectio
1238 3671 1366 3738 lectoris
1392 3671 1426 3735 in

228 3784 337 3848 studio
352 3806 449 3868 quam
465 3783 602 3847 lectriois
616 3781 650 3844 in
666 3783 761 3846 lecto.
807 3780 916 3865 Hujus
942 3781 976 3843 in
1002 3778 1099 3842 rebus
1119 3778 1251 3863 agendis
1273 3777 1314 3840 ad
1339 3797 1427 3838 sum-

226 3909 313 3951 mam
335 3887 481 3972 gloriam,
503 3886 589 3949 illius
612 3883 794 3948 adinventis
818 3905 858 3947 ex
882 3880 1004 3946 artibus
1031 3880 1072 3943 ed
1094 3878 1365 3945 illuminationem
1393 3878 1425 3942 in

258 4094 272 4122 ⁸
290 4092 350 4142 This
361 4107 431 4140 name
443 4093 463 4140 is
474 4097 500 4140 st
511 4105 557 4140 oue
575 4091 633 4140 time
649 4089 714 4152 spelt
731 4088 809 4137 Mari·
842 4089 885 4138 the
897 4087 1046 4138 variationis
1058 4087 1126 4136 twice
1139 4087 1211 4135 noted
1223 4086 1248 4134 in
1261 4085 1415 4147 themargiu.

224 4191 289 4224 anua
300 4177 325 4224 in
340 4177 380 4224 the
392 4182 452 4232 text,
465 4175 510 4224 but
522 4177 547 4222 in
558 4174 640 4221 others
655 4171 808 4230 Menum„
