3650 4852
233 531 378 597 cnam]
604 533 651 577 na
675 531 786 578 suars
811 531 1037 579 coaramcrr.
1378 519 1420 581 63

215 681 424 748 devotissime
438 683 678 769 paenitentiam,
689 693 724 750 et
736 707 810 750 cum
826 684 938 750 multis
954 707 1030 750 eum
1045 683 1176 751 edocuit
1186 683 1326 750 lacrimis
1337 686 1421 751 mul-

215 785 389 850 titudinem
405 785 652 850 miserationum
662 785 808 865 Domini,
818 794 853 850 et
867 809 981 852 omnes
998 788 1184 853 daemonum
1199 797 1336 853 conatus
1352 787 1421 853 sola

218 889 282 954 fide
296 888 402 968 vinci3
417 897 455 953 ut
479 889 563 954 visui
590 888 774 973 subjectum
799 888 951 971 habebat,
978 913 1081 976 nepos
1102 913 1187 976 aegre
1209 891 1333 957 ferebat
1355 912 1422 956 ser·

219 1013 361 1072 monem,
371 1002 405 1057 et
419 992 558 1058 abcessit
572 993 606 1056 in
618 992 807 1058 thalamum.
831 993 985 1079 Princeps
1001 1015 1077 1079 ergo
1088 993 1238 1059 delusum
1252 1016 1286 1060 se
1296 994 1422 1074 dolens,

219 1094 339 1160 milites
350 1095 480 1180 nepotis
495 1115 660 1160 eversores
676 1116 786 1160 secum
802 1095 933 1161 deducit
948 1097 984 1161 in
994 1097 1144 1178 vinculis,
1155 1106 1190 1163 et
1199 1097 1234 1162 in
1245 1107 1425 1184 conspectu

219 1197 333 1282 populi
349 1197 442 1262 multi
457 1208 491 1263 et
506 1198 614 1283 magni
629 1198 789 1263 conclusit
803 1221 859 1262 eos
873 1197 909 1263 in
924 1209 1030 1286 tegete
1053 1201 1141 1286 posti
1159 1200 1294 1265 firmiter
1315 1200 1425 1286 alliga·

220 1307 284 1380 tos,
299 1301 435 1386 igneque
450 1300 620 1386 supposito
634 1309 738 1365 totam
754 1300 934 1367 combussit
949 1301 1190 1367 domunculam.
1220 1303 1300 1368 Illos
1315 1311 1425 1368 eutem

222 1403 355 1468 omnino
369 1425 437 1467 non
451 1403 559 1489 tetigit
573 1402 667 1488 ignis,
682 1423 743 1467 nec
757 1402 856 1468 etiam
869 1401 905 1467 in
925 1403 1071 1468 vestibus
1088 1404 1217 1469 adustio
1231 1405 1283 1469 vel
1298 1403 1426 1470 modica

221 1505 353 1572 inventa
367 1515 428 1570 est.
465 1507 612 1591 Insurgit
626 1527 701 1592 ergo
716 1505 830 1591 populi
844 1506 1005 1571 tumultus
1020 1507 1054 1571 in
1069 1507 1261 1592 principem,
1276 1506 1426 1587 dicentis,

224 1607 463 1674 “Peccavimus
483 1609 518 1673 in
543 1610 631 1674 viros
653 1608 855 1693 justissimos
881 1619 993 1674 contra
1018 1609 1116 1674 fidem
1142 1609 1227 1674 veris
1250 1609 1425 1674 virtutibus

223 1710 467 1795 approbatam.’'
512 1711 668 1795 Princeps
698 1710 742 1774 ob
771 1713 992 1797 apparentiam
1021 1720 1146 1776 tantam
1174 1711 1210 1776 in
1234 1711 1324 1776 nullo
1349 1711 1426 1776 fidei

226 1811 419 1876 Christianos
441 1812 599 1898 derogans
624 1812 677 1878 vel
703 1813 866 1892 dubitans,
888 1813 969 1878 iram
1000 1821 1033 1878 et
1054 1835 1153 1878 voces
1180 1813 1319 1899 placavit
1337 1811 1427 1898 vulgi

225 1913 401 1994 blanditiis,
422 1915 585 2001 fidemque
611 1915 759 2002 benignis
783 1916 954 1981 affirmavit
976 1915 1189 1981 sermonibus.
1236 1915 1428 1981 Pontificem

225 2017 361 2081 Viennae
376 2017 527 2096 consulit,
543 2015 598 2102 qui
614 2040 669 2082 eos
684 2017 719 2080 in
735 2017 833 2082 domo
847 2019 969 2102 majore
985 2018 1144 2082 conclusit
1159 2017 1274 2102 ligatos
1288 2027 1327 2082 ut
1341 2026 1428 2098 ante,

226 2120 423 2203 domumque
438 2129 539 2184 totam
556 2129 646 2185 extre
661 2119 819 2186 circuiens
834 2141 917 2203 aqua
930 2117 1101 2184 benedicta
1121 2119 1302 2204 conspersit
1316 2128 1429 2184 contra

226 2223 445 2308 proestigium3
473 2222 582 2307 ignem
604 2221 700 2306 jubet
727 2221 858 2307 apponi,
884 2220 941 2306 qui
965 2219 1063 2284 nullis
1078 2219 1264 2284 flammibus
1290 2220 1429 2285 nullisve

227 2325 380 2389 fomentis
397 2325 507 2389 domui
528 2325 637 2411 potuit
659 2324 827 2402 inhaerere,
841 2323 893 2388 vel
908 2323 1079 2408 quicquam
1099 2323 1243 2387 adurere.
1289 2323 1431 2387 Insultat

227 2427 325 2512 igitur
345 2427 490 2512 pontifici
515 2436 581 2491 tam
605 2427 682 2491 laesa
705 2425 769 2490 fide
795 2425 919 2504 civitas,
946 2434 983 2489 ut
1009 2424 1178 2489 manifeste
1202 2424 1297 2488 multi
1321 2424 1430 2488 stultis

228 2541 441 2617 prorumpant
455 2529 489 2594 in
510 2551 585 2593 eum
600 2527 747 2608 vocibus,
763 2537 807 2607 et,
822 2527 932 2591 sinon
948 2526 1058 2591 obstet
1072 2525 1196 2590 domini
1210 2525 1260 2589 sui
1275 2525 1431 2612 principis

229 2634 418 2712 reverentia,
427 2631 615 2718 pontificem
625 2631 735 2716 ipsum
748 2631 783 2695 in
795 2631 942 2694 flammas
955 2629 1141 2714 dejicerent,
1153 2638 1187 2692 et
1197 2649 1264 2692 non
1275 2636 1431 2693 nocentes

230 2735 412 2801 liberarent.
457 2734 612 2821 Depulsis
641 2733 739 2820 igitur
763 2733 892 2813 hostiis,
914 2733 949 2798 in
975 2733 1111 2797 domum
1135 2731 1309 2812 irruerunt,
1333 2740 1367 2797 et
1390 2731 1432 2796 ad

232 2848 359 2926 postem
382 2837 551 2902 venientes
574 2836 730 2903 carbones
751 2846 784 2902 et
805 2836 930 2900 favillas
946 2858 988 2901 ex
1005 2835 1133 2900 ossibus
1148 2856 1261 2899 eorum
1281 2843 1315 2899 et
1329 2833 1433 2899 carni-

231 2942 294 3006 bus
316 2943 416 3006 factas
441 2941 620 3020 inveniant,
634 2940 765 3005 vincula
790 2939 904 3004 vident
926 2939 1036 3018 illaesa,
1050 2947 1180 3024 postem
1205 2936 1375 3017 intactum,
1400 2929 1434 3000 et

227 3044 447 3130 justissimum
462 3043 570 3128 ignem
595 3043 629 3106 in
652 3064 709 3108 eos
733 3043 820 3108 solos
844 3042 900 3130 qui
915 3042 1139 3128 delinquerent
1158 3038 1433 3104 animadvertisse.

235 3146 405 3212 Convertit
413 3168 488 3232 crgo
503 3145 663 3231 benignus
673 3146 837 3211 Dominus
853 3145 950 3210 corda
959 3145 1134 3244 errantium
1144 3141 1185 3206 ad
1199 3141 1436 3226 poenitentiam,

234 3260 268 3315 et
290 3249 507 3336 blasphemias
530 3249 565 3314 in
594 3249 735 3316 laudem.
789 3250 923 3316 Nostris
942 3251 1013 3314 haec
1038 3257 1115 3313 sunt
1130 3256 1202 3311 orta
1221 3245 1435 3330 temporibus.

234 3353 358 3419 Nostra
376 3353 449 3418 dico
463 3362 611 3436 tempore
630 3351 879 3418 modemitatem
900 3353 995 3431 hanc,
1020 3353 1136 3416 horum
1161 3346 1282 3412 scilicet
1304 3356 1436 3411 centum

234 3478 394 3522 annorum
409 3455 613 3532 curriculum,
625 3455 717 3540 cujus
729 3455 836 3520 adhuc
851 3477 939 3519 nunc
953 3454 1077 3518 ultimae
1089 3459 1196 3536 partes
1208 3457 1330 3526 extant,
1342 3449 1436 3531 cujus

234 3561 337 3626 totius
352 3559 387 3621 in
409 3557 461 3622 his
486 3578 559 3643 quae
584 3556 740 3621 notabilia
755 3567 832 3620 sunt
852 3555 931 3620 satis
946 3565 997 3619 est
1019 3576 1116 3618 ruens
1131 3562 1165 3616 et
1184 3551 1354 3614 manifesta
1368 3570 1438 3614 me·

235 3661 349 3739 morie,
369 3679 443 3722 cum
466 3658 571 3722 adhuc
586 3657 683 3742 aliqui
707 3657 873 3742 supersint
896 3665 1082 3733 centennes,
1104 3663 1137 3716 et
1162 3650 1281 3716 infiniti
1303 3651 1362 3714 filii
1381 3649 1438 3737 qui

236 3787 277 3830 ex
291 3771 419 3849 patrum
430 3770 609 3825 atavorum
621 3756 832 3824 relationibus
848 3757 1027 3824 certissime
1038 3763 1170 3820 teneant
1185 3775 1256 3839 quae
1271 3775 1338 3817 non
1347 3752 1438 3818 vide-

236 3874 325 3932 runt.
370 3863 513 3928 Centum
528 3883 630 3925 annos
646 3862 703 3947 qui
717 3861 912 3927 effluxerunt
927 3860 999 3924 dico
1019 3868 1163 3924 nostram
1179 3855 1438 3938 modernitatem,

238 3981 271 4035 et
291 3991 357 4034 non
373 3967 428 4053 qui
443 3965 589 4044 veniunt,
605 3986 679 4029 cum
694 3965 841 4052 ejusdem
857 3972 987 4027 tantum
1011 3963 1077 4026 sint
1098 3959 1232 4026 rationis
1259 3959 1438 4024 secundum

239 4069 532 4157 propinquitatem
556 4067 708 4154 quoniam
724 4069 764 4134 ad
779 4067 995 4133 narrationem
1011 4065 1152 4152 pertinet
1168 4063 1375 4152 praeteritam,
1397 4062 1440 4128 ad
