3610 4852
397 551 459 608 180
823 563 1012 608 conanum
1030 563 1150 608 uanas
1392 562 1513 624 [nausa.
1526 563 1572 613 IV.

396 716 565 779 hominurn
582 715 726 780 centenis
740 735 817 799 grex
833 736 999 801 caprarum
1020 715 1191 778 maximus.
1237 712 1277 778 In
1294 711 1463 778 Britannia
1482 713 1597 780 minori

395 819 473 882 visse
488 820 698 904 suntpraedae
718 828 888 884 nocturne
910 819 1094 902 militesque
1115 819 1270 882 ducentes
1293 837 1347 880 eas
1370 839 1445 882 cum
1469 816 1598 883 silentio

395 941 523 1005 semper
548 929 766 999 transeuntes,
790 941 830 984 ex
854 920 972 1006 quibus
996 919 1148 985 Britones
1173 920 1358 1003 frequenter
1383 929 1598 984 excusserunt

395 1043 496 1108 equos
520 1034 555 1088 et
569 1023 731 1102 animalia,
747 1033 781 1089 et
795 1024 842 1088 eis
857 1024 909 1088 usi
925 1032 1013 1102 sunt,
1028 1023 1159 1108 quidam
1171 1021 1233 1086 sibi
1248 1023 1289 1086 ad
1300 1031 1451 1101 mortem,
1466 1023 1597 1107 quidam

394 1124 599 1189 indemniter.
646 1124 760 1190 Coetus
786 1125 885 1190 etiam
911 1135 945 1190 et
971 1125 1145 1210 phalanges
1171 1124 1351 1208 noctivagae
1377 1147 1457 1209 quas
1483 1125 1598 1190 Herle·

395 1227 522 1311 thingiss
538 1227 689 1292 dicebant
702 1229 835 1294 famosae
850 1229 928 1293 satis
942 1229 977 1294 in
992 1228 1111 1312 Anglia
1125 1249 1229 1314 usque
1243 1227 1285 1291 ad
1301 1227 1436 1291 Henrici
1454 1229 1598 1304 secundi,

395 1330 520 1395 domini
553 1330 675 1395 scilicet
710 1331 825 1410 nostri,
850 1342 999 1417 tempora
1026 1331 1111 1416 regis
1141 1340 1403 1416 comparuerunt,
1438 1331 1596 1396 exercitus

396 1432 512 1498 erroris
527 1431 657 1510 infiniti,
671 1433 777 1496 insani
787 1433 950 1512 circuitus,
966 1443 1000 1497 et
1013 1433 1144 1498 attoniti
1156 1431 1287 1511 silentii,
1302 1433 1411 1516 inquo
1426 1434 1493 1498 vivi
1504 1435 1596 1498 multi

395 1537 1056 1621 apparueruntquosdecessissenoverant.
1073 1532 1540 1622 HachujuHerlethingi'visa
1549 1549 1598 1604 est

395 1639 511 1703 ultimo
520 1639 639 1703 familia
648 1641 681 1703 in
692 1640 833 1704 marchia
842 1640 1031 1705 Walliarum
1041 1651 1074 1704 et
1084 1640 1285 1706 Herelordiae
1297 1661 1381 1704 anno
1391 1641 1497 1726 primo
1509 1643 1595 1728 regni

397 1742 531 1807 Henrici
544 1743 687 1821 secundi,
696 1744 779 1808 circa
788 1743 965 1822 meridiem,
976 1767 1015 1809 eo
1025 1744 1123 1808 modo
1133 1765 1198 1829 quo
1208 1766 1269 1808 nos
1278 1765 1420 1808 erramus
1430 1767 1505 1810 cum
1514 1744 1594 1831 bigis

395 1857 429 1912 et
438 1847 632 1924 summariis,
647 1869 722 1912 cum
738 1847 864 1911 clitellis
880 1857 914 1912 et
928 1847 1112 1932 panariolis,
1127 1847 1242 1911 avibus
1257 1856 1292 1912 et
1306 1847 1451 1928 canibus,
1463 1871 1595 1914 concur·

395 1950 540 2014 rentibus
563 1950 640 2014 viris
664 1959 697 2014 et
718 1951 918 2016 mulieribus.
964 1951 1031 2017 Qui
1054 1961 1134 2015 tunc
1156 1951 1254 2035 primi
1273 1949 1426 2016 viderunt
1449 1951 1540 2016 tibiis
1565 1966 1597 2017 et

395 2051 589 2116 clamoribus
612 2062 713 2117 totam
738 2053 772 2116 in
795 2073 851 2117 eos
873 2052 1025 2116 viciniam
1048 2052 1303 2129 concitaverunt,
1326 2062 1359 2116 et
1381 2062 1419 2116 ut
1440 2052 1526 2118 illius
1549 2063 1597 2118 est

396 2176 468 2219 mos
489 2155 743 2240 vigilantissimae
761 2155 867 2239 gentis
893 2155 1003 2218 statim
1026 2155 1179 2219 omnibus
1203 2155 1301 2219 armis
1321 2155 1473 2220 instructi
1497 2157 1597 2220 multa

396 2279 512 2322 manus
534 2256 676 2336 advenit,
691 2266 725 2321 et
747 2256 821 2343 quia
835 2256 971 2321 verbum
994 2255 1036 2319 ab
1058 2256 1105 2322 eis
1128 2267 1317 2340 extorquere
1339 2278 1405 2320 non
1422 2268 1598 2342 potuerunt

395 2360 514 2439 verbis,
529 2361 602 2425 telis
617 2361 744 2444 adigere
758 2381 914 2444 responsa
930 2358 1096 2444 parabant.
1142 2359 1194 2424 Illi
1210 2371 1318 2424 autem
1334 2360 1451 2425 elevati
1468 2383 1596 2426 sursum

396 2463 431 2528 in
441 2485 514 2528 aera
524 2463 633 2528 subito
643 2464 880 2550 disparuerunt.
902 2462 1080 2527 Abilledie
1091 2485 1252 2549 nusquam
1262 2462 1331 2526 visa
1341 2472 1392 2528 est
1400 2463 1454 2527 illa
1465 2464 1596 2543 militia3

397 2575 551 2649 tanquam
577 2564 672 2632 nobis
696 2565 925 2651 insipientibus
948 2565 995 2628 illi
1016 2586 1093 2629 suos
1111 2565 1302 2630 tradiderint
1322 2587 1456 2644 errores,
1481 2565 1596 2652 quibus

396 2679 504 2732 vestes
527 2667 706 2745 atterimus,
730 2688 828 2752 regna
842 2680 1019 2746 vastamus,
1038 2687 1173 2750 corpora
1194 2676 1305 2731 nostra
1324 2676 1359 2732 et
1373 2667 1595 2751 jumentorum

397 2771 587 2855 frangimus,
603 2771 695 2856 aegris
711 2770 880 2835 animabus
901 2791 1042 2855 quaerere
1066 2769 1225 2834 medelam
1245 2792 1312 2834 non
1332 2791 1495 2850 vacamus,
1510 2770 1596 2834 nulla

397 2873 493 2938 nobis
529 2873 653 2938 utilitas
682 2873 806 2938 accedit
834 2874 990 2958 inempta,
1024 2873 1106 2938 nihil
1139 2873 1351 2939 emolumenti
1379 2875 1541 2959 provenit,
1569 2875 1596 2938 si

399 2977 517 3040 danum
538 2985 726 3062 pensentur,
748 2977 830 3041 nihil
851 2979 1078 3063 dispensanter
1112 2977 1248 3061 agimus,
1270 2977 1352 3040 nihil
1371 2987 1489 3042 vacant
1517 3001 1596 3042 vana

398 3078 504 3158 nobis,
534 3079 734 3145 infructuosa
759 3080 839 3144 adeo
870 3081 1095 3166 properatione
1121 3080 1295 3145 deserimur
1317 3080 1444 3161 insani;
1470 3090 1594 3146 etcum

398 3203 527 3267 semper
555 3181 589 3248 in
620 3183 811 3249 abscondito
841 3184 996 3250 secretius
1028 3182 1132 3248 nostri
1166 3183 1392 3268 colloquantur
1426 3184 1597 3269 principes,

399 3287 512 3352 seratis
535 3297 569 3353 et
587 3287 768 3354 observatis
791 3287 944 3367 aditibus,
967 3287 1049 3352 nihil
1072 3287 1104 3352 in
1130 3287 1225 3351 nobis
1251 3288 1384 3352 consilio
1409 3287 1456 3352 fit.
1504 3289 1598 3352 Furia

397 3391 582 3458 invenimur
606 3402 640 3456 et
664 3392 790 3478 impetu
812 3392 995 3477 praesentia,
1021 3391 1219 3476 negligenter
1245 3399 1278 3456 et
1301 3391 1423 3456 insulse
1449 3414 1598 3458 curamus

397 3497 517 3574 lutura,
554 3495 644 3560 casui
674 3496 920 3573 committimus,
956 3506 991 3559 et
1025 3494 1100 3580 quia
1129 3494 1268 3560 scienter
1297 3506 1331 3559 et
1360 3496 1537 3580 prudenter
1564 3495 1597 3559 in

398 3607 546 3663 nostrum
582 3621 710 3684 semper
738 3598 904 3664 tendimus
939 3597 1106 3662 interitum
1135 3597 1208 3682 vagi
1237 3609 1271 3662 et
1303 3597 1461 3682 palantes,
1490 3598 1599 3684 pavidi

398 3723 465 3788 prae
495 3703 619 3765 crateris
656 3701 825 3766 hominum
865 3699 1067 3764 exterminati
1106 3722 1219 3764 sumus
1256 3709 1290 3765 et
1328 3701 1448 3764 tristes.
1509 3700 1600 3766 Inter
1670 3685 1674 3696 ⁵

397 3804 477 3868 alios
503 3803 602 3888 quaeri
627 3803 710 3866 solet
735 3823 806 3887 quae
829 3823 927 3866 causa
947 3801 1078 3880 doloris,
1100 3801 1175 3886 quia
1195 3821 1267 3866 raro
1288 3801 1399 3865 dolent
1414 3801 1499 3866 inter
1517 3824 1598 3881 nos3

398 3928 469 3991 qnae
506 3929 602 3972 causa
638 3905 770 3985 laetitiae,
806 3906 881 3991 quia
911 3926 983 3968 raro
1019 3905 1208 3989 gaudemus.
1263 3904 1395 3969 Doloris
1427 3905 1598 3991 aliquando

768 4113 783 4142 *
802 4110 946 4168 Seebelom,
960 4099 1067 4158 Distinc.
1081 4110 1102 4159 1.
1114 4126 1137 4158 c.
1149 4111 1182 4158 xi.
