3608 4862
782 1053 1022 1124 GUAL'I'ERI
1044 1047 1200 1117 MAPES

540 1263 639 1358 DE
684 1255 927 1354 NUGIS
975 1253 1445 1369 CURIALIUM,

753 1480 999 1546 DISTINCTIO
1022 1480 1232 1543 SECUNDA⁴

433 1866 618 1932 Vrcroara
633 1864 738 1930 camis
752 1873 804 1930 est
817 1863 972 1929 adversus
987 1862 1076 1949 qaod
1091 1883 1163 1948 quae
1174 1858 1239 1926 Dei
1251 1866 1329 1924 sunt
1342 1857 1452 1922 minus
1462 1853 1589 1940 appetit

390 1969 503 2048 homo,
517 1989 590 2053 quae
604 1967 720 2032 mundi
739 1967 889 2033 maxime.
934 1966 1031 2032 Ratio
1046 1987 1123 2031 vero
1149 1985 1223 2030 cum
1238 1970 1379 2039 tenetur,
1401 1958 1518 2024 animae
1532 1956 1588 2020 tri-

389 2071 533 2158 umphus
542 2079 603 2150 est,
614 2070 722 2136 reddit
730 2092 802 2157 quae
813 2069 950 2136 Caesaris
961 2068 1091 2150 Caesari,
1101 2067 1165 2132 Dei
1174 2087 1246 2153 quae
1258 2065 1342 2128 Deo.
1359 2063 1437 2127 Duo
1446 2057 1588 2147 praemisi

388 2173 453 2238 Dei
476 2171 728 2237 misericordiam
742 2182 777 2237 et
795 2173 955 2257 judicium
975 2172 1186 2250 continentia,
1201 2191 1273 2254 quae
1298 2189 1365 2232 non
1390 2165 1497 2230 solum
1518 2185 1586 2228 non

389 2274 560 2354 delectant,
576 2274 634 2339 sed
648 2273 773 2340 tediosa
788 2286 876 2355 sunt,
896 2285 930 2341 et
944 2283 1155 2361 expectantur
1170 2272 1254 2336 sicut
1264 2275 1461 2355 expetuntur
1469 2265 1586 2332 fabulae

386 2386 567 2462 poetarum,
576 2377 629 2442 vel
641 2399 752 2442 earum
761 2378 893 2444 similes.
926 2379 1128 2444 Differentur
1139 2385 1259 2454 tamen,
1275 2373 1303 2437 si
1314 2393 1381 2436 non
1391 2371 1586 2449 auferantur,

387 2486 422 2544 et
436 2501 509 2564 quae
524 2479 645 2544 scimus
660 2488 718 2544 aut
731 2481 892 2546 credimus
907 2481 1099 2546 miraculum
1109 2477 1356 2565 praemittamus.

636 2647 690 2714 De
707 2649 862 2734 Grepora'o
877 2655 1026 2717 monacho
1044 2651 1256 2717 Glouceatrioe.
1299 2645 1334 2710 ii.

431 2780 624 2866 Gregorium
646 2780 859 2848 Gloucestriea
883 2783 1080 2849 monachum
1104 2781 1181 2855 ridi,
1204 2779 1309 2846 virum
1323 2780 1392 2866 jem
1407 2801 1530 2859 senem,
1551 2787 1585 2844 et

386 2903 461 2947 cum
476 2883 519 2947 sit
532 2883 604 2968 ipsa
617 2891 768 2948 senectus
782 2883 965 2964 infirmitas,
986 2885 1099 2950 multis
1119 2884 1275 2948 afflictum
1296 2883 1367 2949 aliis
1388 2881 1586 2968 aegritudini-

385 2984 468 3049 busr
498 2984 678 3050 calculosus
702 2997 771 3051 erat
792 2997 826 3051 et
843 2988 1012 3053 fistulosus
1036 2987 1125 3053 tibiis
1148 2997 1182 3052 et
1205 2986 1362 3066 cruribus,
1386 3008 1513 3072 semper
1535 2995 1584 3050 ta·

387 3107 463 3152 meu
479 3095 513 3151 et
527 3086 657 3151 assidue
672 3088 847 3171 jocundus,
869 3100 997 3155 etcum
1019 3111 1086 3155 non
1106 3097 1265 3154 cessasset
1284 3089 1472 3154 valitudinis
1486 3088 1585 3153 inles-

386 3189 478 3269 tatio,
493 3211 560 3254 non
572 3189 720 3260 cessabat
730 3213 749 3255 a
759 3192 903 3275 psalmis.
948 3192 983 3257 Si
998 3192 1128 3278 quando
1137 3201 1215 3276 post
1226 3191 1340 3277 longos
1354 3190 1481 3256 labores
1496 3211 1583 3255 som-

386 3313 450 3357 nus
464 3293 594 3378 irrepsit
608 3293 740 3372 dulcior,
762 3293 816 3358 illa
831 3317 866 3359 se
881 3294 1009 3360 dicebat
1022 3295 1102 3359 hora
1119 3293 1307 3359 derelictum
1327 3317 1346 3358 a
1368 3293 1512 3359 Domino
1527 3301 1584 3358 aut

388 3394 544 3461 oblivioni
555 3395 702 3460 deditum
714 3421 725 3475 3
751 3405 784 3460 et
799 3418 873 3462 cum
884 3397 1014 3482 gravius
1023 3396 1208 3482 urgebatur,
1216 3407 1322 3481 grates
1332 3395 1464 3462 uberius
1478 3397 1584 3461 effun-

386 3498 483 3563 debat
497 3498 665 3578 altissimo,
680 3498 771 3582 quasi
786 3521 861 3564 cum
875 3498 971 3565 beato
987 3499 1108 3564 diceret
1122 3498 1321 3583 Augustino,
1340 3502 1362 3536 “
1373 3498 1426 3563 hic
1443 3519 1511 3576 ure,
1528 3495 1582 3564 hic

385 3601 476 3687 puni,
492 3611 525 3666 et
539 3623 580 3666 ne
595 3601 629 3665 in
650 3601 759 3666 furore
774 3610 832 3665 tuo
847 3623 961 3686 arguas
983 3599 1069 3665 me.'’
1113 3598 1188 3664 Suis
1211 3621 1263 3664 me
1283 3601 1583 3665 commendaveram

386 3702 586 3768 orationibus
600 3725 674 3767 eum
689 3703 796 3787 primo
810 3703 1024 3782 transfretavi,
1047 3711 1082 3768 et
1102 3725 1177 3768 eum
1198 3701 1390 3769 invaluisset
1402 3711 1582 3788 tempestas

385 3821 424 3876 ut
437 3833 530 3896 paene
545 3810 636 3876 navis
658 3811 838 3896 operiretur
852 3812 1018 3892 fluctibus,
1033 3812 1067 3877 in
1082 3812 1219 3876 aliorum
1234 3805 1457 3895 desperatione
1471 3803 1581 3870 certis-

386 3913 468 3977 sima
488 3913 528 3976 de
542 3913 628 3976 illius
643 3915 836 4000 praesumpsi
856 3915 980 3980 meritis
1004 3915 1056 3980 cui
1076 3936 1129 3978 me
1149 3911 1461 3988 commendaveram,
1480 3925 1582 3992 eaque

386 4013 558 4078 devotione
574 4036 636 4098 qua
657 4015 808 4100 periturae
830 4017 922 4081 navia
941 4015 1155 4102 perieulantes
1175 4015 1318 4080 assolent
1331 4009 1512 4076 Dominum
1527 4006 1585 4071 de·

386 4124 536 4202 precatus
560 4137 644 4196 sum,
666 4117 819 4202 quatinus
841 4140 900 4183 sua
920 4117 1139 4186 misericordia
1162 4127 1196 4185 et
1220 4117 1306 4182 illius
1328 4113 1408 4180 boni
1434 4107 1583 4196 Gregorii
