<?xml version="1.0" encoding="UTF-8"?>
<!DOCTYPE html PUBLIC "-//W3C//DTD XHTML 1.0 Transitional//EN"
    "http://www.w3.org/TR/xhtml1/DTD/xhtml1-transitional.dtd">
<html xmlns="http://www.w3.org/1999/xhtml" xml:lang="en" lang="en">
 <head>
  <title>
</title>
<meta http-equiv="Content-Type" content="text/html;charset=utf-8" />
  <meta name='ocr-system' content='tesseract 3.04.00' />
  <meta name='ocr-capabilities' content='ocr_page ocr_carea ocr_par ocr_line ocrx_word'/>
</head>
<body>
  <div class='ocr_page' id='page_1' title='image "./gualterimapesde00mapgoog/gualterimapesde00mapgoog_0151.png"; bbox 0 0 3608 4862; ppageno 0'>
   <div class='ocr_carea' id='block_1_1' title="bbox 386 529 1573 604">
    <p class='ocr_par' dir='ltr' id='par_1_1' title="bbox 386 529 1573 604">
     <span class='ocr_line' id='line_1_1' title="bbox 386 529 1573 604; baseline 0.003 -16"><span class='ocrx_word' id='word_1_1' title='bbox 386 529 448 588; x_wconf 82' lang='lat'><strong>130</strong></span> <span class='ocrx_word' id='word_1_2' title='bbox 816 542 1003 586; x_wconf 74' lang='lat' dir='ltr'><strong>cunarum</strong></span> <span class='ocrx_word' id='word_1_3' title='bbox 1028 541 1149 586; x_wconf 80' lang='lat' dir='ltr'><strong>maras</strong></span> <span class='ocrx_word' id='word_1_4' title='bbox 1384 543 1506 604; x_wconf 71' lang='lat' dir='ltr'><strong>[Datim.</strong></span> <span class='ocrx_word' id='word_1_5' title='bbox 1522 543 1573 592; x_wconf 82' lang='lat'>111.</span> 
     </span>
    </p>
   </div>
   <div class='ocr_carea' id='block_1_2' title="bbox 386 708 1611 4100">
    <p class='ocr_par' dir='ltr' id='par_1_2' title="bbox 386 708 1611 4100">
     <span class='ocr_line' id='line_1_2' title="bbox 386 708 1588 798; baseline -0.001 -23"><span class='ocrx_word' id='word_1_6' title='bbox 386 709 644 798; x_wconf 76' lang='lat' dir='ltr'><strong>praemunitionis</strong></span> <span class='ocrx_word' id='word_1_7' title='bbox 660 717 694 772; x_wconf 91' lang='lat' dir='ltr'><strong>et</strong></span> <span class='ocrx_word' id='word_1_8' title='bbox 709 709 786 772; x_wconf 87' lang='lat' dir='ltr'><strong>alias</strong></span> <span class='ocrx_word' id='word_1_9' title='bbox 803 708 955 774; x_wconf 77' lang='lat' dir='ltr'><strong>exhibita</strong></span> <span class='ocrx_word' id='word_1_10' title='bbox 977 711 1173 776; x_wconf 83' lang='lat' dir='ltr'><strong>fidelissimas</strong></span> <span class='ocrx_word' id='word_1_11' title='bbox 1188 731 1284 790; x_wconf 75' lang='lat' dir='ltr'><strong>cursa,</strong></span> <span class='ocrx_word' id='word_1_12' title='bbox 1298 709 1394 796; x_wconf 87' lang='lat' dir='ltr'><strong>petiit</strong></span> <span class='ocrx_word' id='word_1_13' title='bbox 1407 733 1426 775; x_wconf 92' lang='lat' dir='ltr'><strong>a</strong></span> <span class='ocrx_word' id='word_1_14' title='bbox 1442 733 1494 777; x_wconf 90' lang='lat' dir='ltr'><strong>me</strong></span> <span class='ocrx_word' id='word_1_15' title='bbox 1509 710 1588 775; x_wconf 90' lang='lat' dir='ltr'><strong>mihi</strong></span> 
     </span>
     <span class='ocr_line' id='line_1_3' title="bbox 388 812 1590 894; baseline -0.001 -14"><span class='ocrx_word' id='word_1_16' title='bbox 388 816 541 881; x_wconf 89' lang='lat' dir='ltr'><strong>collatum</strong></span> <span class='ocrx_word' id='word_1_17' title='bbox 557 837 575 877; x_wconf 89' lang='lat' dir='ltr'><strong>a</strong></span> <span class='ocrx_word' id='word_1_18' title='bbox 589 812 684 878; x_wconf 84' lang='lat' dir='ltr'><strong>vobis</strong></span> <span class='ocrx_word' id='word_1_19' title='bbox 700 813 868 894; x_wconf 85' lang='lat' dir='ltr'>honorem,</span> <span class='ocrx_word' id='word_1_20' title='bbox 884 822 918 880; x_wconf 91' lang='lat' dir='ltr'><strong>et</strong></span> <span class='ocrx_word' id='word_1_21' title='bbox 937 814 1013 879; x_wconf 91' lang='lat' dir='ltr'><strong>tulit</strong></span> <span class='ocrx_word' id='word_1_22' title='bbox 1035 836 1109 881; x_wconf 90' lang='lat' dir='ltr'><strong>ecce</strong></span> <span class='ocrx_word' id='word_1_23' title='bbox 1135 836 1242 880; x_wconf 88' lang='lat' dir='ltr'><strong>coram</strong></span> <span class='ocrx_word' id='word_1_24' title='bbox 1258 814 1352 879; x_wconf 87' lang='lat' dir='ltr'><strong>vobis</strong></span> <span class='ocrx_word' id='word_1_25' title='bbox 1377 823 1480 879; x_wconf 87' lang='lat' dir='ltr'><strong>totam</strong></span> <span class='ocrx_word' id='word_1_26' title='bbox 1505 814 1590 879; x_wconf 89' lang='lat' dir='ltr'><strong>hanc</strong></span> 
     </span>
     <span class='ocr_line' id='line_1_4' title="bbox 388 915 1591 1002; baseline -0.002 -20"><span class='ocrx_word' id='word_1_27' title='bbox 388 918 530 982; x_wconf 91' lang='lat' dir='ltr'><strong>animam</strong></span> <span class='ocrx_word' id='word_1_28' title='bbox 546 917 683 981; x_wconf 87' lang='lat' dir='ltr'><strong>effusam</strong></span> <span class='ocrx_word' id='word_1_29' title='bbox 701 926 735 981; x_wconf 92' lang='lat' dir='ltr'><strong>et</strong></span> <span class='ocrx_word' id='word_1_30' title='bbox 753 939 805 982; x_wconf 91' lang='lat' dir='ltr'><strong>me</strong></span> <span class='ocrx_word' id='word_1_31' title='bbox 826 918 1054 983; x_wconf 76' lang='lat' dir='ltr'><strong>misericordias</strong></span> <span class='ocrx_word' id='word_1_32' title='bbox 1074 925 1190 982; x_wconf 77' lang='lat' dir='ltr'><strong>restrae</strong></span> <span class='ocrx_word' id='word_1_33' title='bbox 1212 915 1349 1002; x_wconf 85' lang='lat' dir='ltr'>genibus</span> <span class='ocrx_word' id='word_1_34' title='bbox 1368 917 1591 1002; x_wconf 83' lang='lat' dir='ltr'><strong>provolutum,</strong></span> 
     </span>
     <span class='ocr_line' id='line_1_5' title="bbox 389 1017 1591 1104; baseline -0.002 -20"><span class='ocrx_word' id='word_1_35' title='bbox 389 1019 494 1084; x_wconf 90' lang='lat' dir='ltr'><strong>donec</strong></span> <span class='ocrx_word' id='word_1_36' title='bbox 505 1019 546 1083; x_wconf 91' lang='lat' dir='ltr'><strong>de</strong></span> <span class='ocrx_word' id='word_1_37' title='bbox 555 1017 651 1104; x_wconf 89' lang='lat' dir='ltr'><strong>plena</strong></span> <span class='ocrx_word' id='word_1_38' title='bbox 661 1017 771 1082; x_wconf 84' lang='lat' dir='ltr'><strong>debita</strong></span> <span class='ocrx_word' id='word_1_39' title='bbox 780 1019 964 1084; x_wconf 81' lang='lat' dir='ltr'><strong>doleamrel</strong></span> <span class='ocrx_word' id='word_1_40' title='bbox 972 1019 1123 1104; x_wconf 90' lang='lat' dir='ltr'><strong>gratulari</strong></span> <span class='ocrx_word' id='word_1_41' title='bbox 1134 1019 1257 1104; x_wconf 89' lang='lat' dir='ltr'><strong>possim</strong></span> <span class='ocrx_word' id='word_1_42' title='bbox 1270 1018 1310 1084; x_wconf 91' lang='lat' dir='ltr'><strong>de</strong></span> <span class='ocrx_word' id='word_1_43' title='bbox 1319 1019 1446 1084; x_wconf 81' lang='lat' dir='ltr'><strong>renia&#39;&#39;</strong></span> <span class='ocrx_word' id='word_1_44' title='bbox 1482 1019 1591 1084; x_wconf 80' lang='lat' dir='ltr'>Ninus</span> 
     </span>
     <span class='ocr_line' id='line_1_6' title="bbox 391 1119 1592 1206; baseline 0 -21"><span class='ocrx_word' id='word_1_45' title='bbox 391 1123 431 1186; x_wconf 94' lang='lat' dir='ltr'><strong>ad</strong></span> <span class='ocrx_word' id='word_1_46' title='bbox 441 1122 586 1186; x_wconf 83' lang='lat' dir='ltr'><strong>haecnon</strong></span> <span class='ocrx_word' id='word_1_47' title='bbox 597 1121 761 1186; x_wconf 90' lang='lat' dir='ltr'><strong>immerito</strong></span> <span class='ocrx_word' id='word_1_48' title='bbox 770 1131 892 1200; x_wconf 90' lang='lat' dir='ltr'><strong>motus,</strong></span> <span class='ocrx_word' id='word_1_49' title='bbox 903 1121 939 1184; x_wconf 92' lang='lat' dir='ltr'><strong>in</strong></span> <span class='ocrx_word' id='word_1_50' title='bbox 948 1119 1038 1184; x_wconf 90' lang='lat' dir='ltr'><strong>brevi</strong></span> <span class='ocrx_word' id='word_1_51' title='bbox 1050 1120 1158 1185; x_wconf 88' lang='lat' dir='ltr'><strong>studio</strong></span> <span class='ocrx_word' id='word_1_52' title='bbox 1168 1119 1245 1206; x_wconf 89' lang='lat' dir='ltr'><strong>quid</strong></span> <span class='ocrx_word' id='word_1_53' title='bbox 1257 1120 1428 1206; x_wconf 86' lang='lat' dir='ltr'><strong>contigerit</strong></span> <span class='ocrx_word' id='word_1_54' title='bbox 1442 1120 1592 1200; x_wconf 83' lang='lat' dir='ltr'><strong>advertit,</strong></span> 
     </span>
     <span class='ocr_line' id='line_1_7' title="bbox 390 1223 1594 1310; baseline -0.002 -20"><span class='ocrx_word' id='word_1_55' title='bbox 390 1235 620 1310; x_wconf 83' lang='lat' dir='ltr'><strong>magnatesque</strong></span> <span class='ocrx_word' id='word_1_56' title='bbox 636 1246 711 1289; x_wconf 90' lang='lat' dir='ltr'><strong>suos</strong></span> <span class='ocrx_word' id='word_1_57' title='bbox 729 1225 812 1288; x_wconf 88' lang='lat' dir='ltr'><strong>Parii</strong></span> <span class='ocrx_word' id='word_1_58' title='bbox 827 1223 1008 1310; x_wconf 89' lang='lat' dir='ltr'><strong>pestilentis</strong></span> <span class='ocrx_word' id='word_1_59' title='bbox 1024 1223 1185 1309; x_wconf 78' lang='lat' dir='ltr'><strong>duplicem</strong></span> <span class='ocrx_word' id='word_1_60' title='bbox 1200 1223 1315 1288; x_wconf 80' lang='lat' dir='ltr'>edocet</span> <span class='ocrx_word' id='word_1_61' title='bbox 1328 1223 1546 1308; x_wconf 79' lang='lat' dir='ltr'><strong>proditionem</strong></span> <span class='ocrx_word' id='word_1_62' title='bbox 1561 1233 1594 1287; x_wconf 91' lang='lat' dir='ltr'><strong>et</strong></span> 
     </span>
     <span class='ocr_line' id='line_1_8' title="bbox 388 1324 1595 1412; baseline -0.002 -20"><span class='ocrx_word' id='word_1_63' title='bbox 388 1327 604 1412; x_wconf 86' lang='lat' dir='ltr'><strong>justissimam</strong></span> <span class='ocrx_word' id='word_1_64' title='bbox 619 1325 730 1390; x_wconf 85' lang='lat' dir='ltr'><strong>livoris</strong></span> <span class='ocrx_word' id='word_1_65' title='bbox 756 1326 926 1406; x_wconf 88' lang='lat' dir='ltr'><strong>ultionem,</strong></span> <span class='ocrx_word' id='word_1_66' title='bbox 951 1327 1024 1391; x_wconf 86' lang='lat' dir='ltr'><strong>Deo</strong></span> <span class='ocrx_word' id='word_1_67' title='bbox 1037 1325 1213 1411; x_wconf 88' lang='lat' dir='ltr'><strong>judicante,</strong></span> <span class='ocrx_word' id='word_1_68' title='bbox 1237 1347 1439 1410; x_wconf 88' lang='lat' dir='ltr'><strong>puerumque</strong></span> <span class='ocrx_word' id='word_1_69' title='bbox 1453 1324 1595 1390; x_wconf 81' lang='lat' dir='ltr'><strong>restituit</strong></span> 
     </span>
     <span class='ocr_line' id='line_1_9' title="bbox 391 1427 1593 1515; baseline -0.002 -21"><span class='ocrx_word' id='word_1_70' title='bbox 391 1429 427 1494; x_wconf 91' lang='lat' dir='ltr'><strong>in</strong></span> <span class='ocrx_word' id='word_1_71' title='bbox 435 1429 580 1515; x_wconf 83' lang='lat' dir='ltr'><strong>gratiam,</strong></span> <span class='ocrx_word' id='word_1_72' title='bbox 589 1437 622 1493; x_wconf 91' lang='lat' dir='ltr'><strong>at</strong></span> <span class='ocrx_word' id='word_1_73' title='bbox 632 1429 827 1494; x_wconf 80' lang='lat' dir='ltr'><strong>seditionum</strong></span> <span class='ocrx_word' id='word_1_74' title='bbox 837 1430 976 1494; x_wconf 83' lang='lat' dir='ltr'><strong>auctoris</strong></span> <span class='ocrx_word' id='word_1_75' title='bbox 988 1429 1122 1494; x_wconf 86' lang='lat' dir='ltr'><strong>cadaver</strong></span> <span class='ocrx_word' id='word_1_76' title='bbox 1133 1429 1165 1492; x_wconf 93' lang='lat' dir='ltr'><strong>in</strong></span> <span class='ocrx_word' id='word_1_77' title='bbox 1178 1429 1316 1514; x_wconf 89' lang='lat' dir='ltr'><strong>equuleo</strong></span> <span class='ocrx_word' id='word_1_78' title='bbox 1328 1428 1483 1514; x_wconf 85' lang='lat' dir='ltr'><strong>suspendi</strong></span> <span class='ocrx_word' id='word_1_79' title='bbox 1488 1427 1593 1514; x_wconf 86' lang='lat' dir='ltr'><strong>jubet,</strong></span> 
     </span>
     <span class='ocr_line' id='line_1_10' title="bbox 392 1532 1595 1619; baseline -0.002 -20"><span class='ocrx_word' id='word_1_80' title='bbox 392 1544 432 1599; x_wconf 91' lang='lat' dir='ltr'><strong>ut</strong></span> <span class='ocrx_word' id='word_1_81' title='bbox 456 1532 679 1598; x_wconf 84' lang='lat' dir='ltr'><strong>manifestetur</strong></span> <span class='ocrx_word' id='word_1_82' title='bbox 703 1533 738 1596; x_wconf 92' lang='lat' dir='ltr'><strong>in</strong></span> <span class='ocrx_word' id='word_1_83' title='bbox 762 1543 891 1597; x_wconf 89' lang='lat' dir='ltr'><strong>mortuo</strong></span> <span class='ocrx_word' id='word_1_84' title='bbox 915 1533 1003 1619; x_wconf 89' lang='lat' dir='ltr'><strong>quod</strong></span> <span class='ocrx_word' id='word_1_85' title='bbox 1025 1533 1248 1598; x_wconf 76' lang='lat' dir='ltr'><strong>maleaixerit</strong></span> <span class='ocrx_word' id='word_1_86' title='bbox 1293 1533 1481 1598; x_wconf 85' lang='lat' dir='ltr'><strong>Misericors</strong></span> <span class='ocrx_word' id='word_1_87' title='bbox 1504 1541 1595 1618; x_wconf 87' lang='lat' dir='ltr'><strong>pater</strong></span> 
     </span>
     <span class='ocr_line' id='line_1_11' title="bbox 394 1636 1596 1723; baseline -0.003 -19"><span class='ocrx_word' id='word_1_88' title='bbox 394 1647 506 1704; x_wconf 88' lang='lat' dir='ltr'><strong>noster</strong></span> <span class='ocrx_word' id='word_1_89' title='bbox 527 1638 562 1702; x_wconf 90' lang='lat' dir='ltr'><strong>in</strong></span> <span class='ocrx_word' id='word_1_90' title='bbox 576 1637 666 1722; x_wconf 84' lang='lat' dir='ltr'><strong>virga</strong></span> <span class='ocrx_word' id='word_1_91' title='bbox 681 1637 812 1720; x_wconf 83' lang='lat' dir='ltr'><strong>corrigit</strong></span> <span class='ocrx_word' id='word_1_92' title='bbox 829 1647 863 1702; x_wconf 91' lang='lat' dir='ltr'><strong>et</strong></span> <span class='ocrx_word' id='word_1_93' title='bbox 881 1636 997 1703; x_wconf 91' lang='lat' dir='ltr'><strong>baculo</strong></span> <span class='ocrx_word' id='word_1_94' title='bbox 1011 1636 1096 1702; x_wconf 89' lang='lat' dir='ltr'><strong>filios</strong></span> <span class='ocrx_word' id='word_1_95' title='bbox 1111 1638 1192 1702; x_wconf 90' lang='lat' dir='ltr'><strong>etin</strong></span> <span class='ocrx_word' id='word_1_96' title='bbox 1208 1638 1410 1723; x_wconf 86' lang='lat' dir='ltr'><strong>correptione</strong></span> <span class='ocrx_word' id='word_1_97' title='bbox 1425 1646 1596 1702; x_wconf 78' lang='lat' dir='ltr'><strong>conservat</strong></span> 
     </span>
     <span class='ocr_line' id='line_1_12' title="bbox 392 1739 1595 1826; baseline -0.003 -19"><span class='ocrx_word' id='word_1_98' title='bbox 392 1741 436 1807; x_wconf 85' lang='lat' dir='ltr'><strong>ab</strong></span> <span class='ocrx_word' id='word_1_99' title='bbox 451 1743 556 1806; x_wconf 91' lang='lat' dir='ltr'><strong>ultore</strong></span> <span class='ocrx_word' id='word_1_100' title='bbox 570 1740 699 1820; x_wconf 86' lang='lat' dir='ltr'><strong>furoris,</strong></span> <span class='ocrx_word' id='word_1_101' title='bbox 715 1740 819 1804; x_wconf 90' lang='lat' dir='ltr'><strong>donec</strong></span> <span class='ocrx_word' id='word_1_102' title='bbox 833 1741 928 1826; x_wconf 89' lang='lat' dir='ltr'><strong>plene</strong></span> <span class='ocrx_word' id='word_1_103' title='bbox 943 1751 1164 1821; x_wconf 88' lang='lat' dir='ltr'><strong>contemnant,</strong></span> <span class='ocrx_word' id='word_1_104' title='bbox 1180 1741 1264 1806; x_wconf 89' lang='lat' dir='ltr'><strong>sicut</strong></span> <span class='ocrx_word' id='word_1_105' title='bbox 1279 1739 1403 1820; x_wconf 89' lang='lat' dir='ltr'><strong>Parius,</strong></span> <span class='ocrx_word' id='word_1_106' title='bbox 1415 1739 1471 1825; x_wconf 92' lang='lat' dir='ltr'><strong>qui</strong></span> <span class='ocrx_word' id='word_1_107' title='bbox 1486 1739 1595 1804; x_wconf 87' lang='lat' dir='ltr'><strong>statim</strong></span> 
     </span>
     <span class='ocr_line' id='line_1_13' title="bbox 395 1841 1599 1928; baseline -0.002 -19"><span class='ocrx_word' id='word_1_108' title='bbox 395 1843 562 1928; x_wconf 88' lang='lat' dir='ltr'><strong>conceptis</strong></span> <span class='ocrx_word' id='word_1_109' title='bbox 581 1843 696 1928; x_wconf 89' lang='lat' dir='ltr'><strong>primis</strong></span> <span class='ocrx_word' id='word_1_110' title='bbox 722 1843 877 1908; x_wconf 86' lang='lat' dir='ltr'><strong>adversus</strong></span> <span class='ocrx_word' id='word_1_111' title='bbox 898 1845 1043 1908; x_wconf 78' lang='lat' dir='ltr'><strong>Lausum</strong></span> <span class='ocrx_word' id='word_1_112' title='bbox 1064 1866 1104 1909; x_wconf 87' lang='lat' dir='ltr'><strong>ex</strong></span> <span class='ocrx_word' id='word_1_113' title='bbox 1129 1843 1251 1909; x_wconf 86' lang='lat' dir='ltr'><strong>invidia</strong></span> <span class='ocrx_word' id='word_1_114' title='bbox 1273 1842 1417 1908; x_wconf 90' lang='lat' dir='ltr'><strong>motibus</strong></span> <span class='ocrx_word' id='word_1_115' title='bbox 1431 1841 1599 1928; x_wconf 78' lang='lat' dir='ltr'><strong>adquievit</strong></span> 
     </span>
     <span class='ocr_line' id='line_1_14' title="bbox 396 1946 1597 2034; baseline -0.002 -23"><span class='ocrx_word' id='word_1_116' title='bbox 396 1947 490 2027; x_wconf 92' lang='lat' dir='ltr'><strong>odiis,</strong></span> <span class='ocrx_word' id='word_1_117' title='bbox 505 1957 539 2011; x_wconf 91' lang='lat' dir='ltr'><strong>et</strong></span> <span class='ocrx_word' id='word_1_118' title='bbox 553 1946 629 2011; x_wconf 91' lang='lat' dir='ltr'><strong>inde</strong></span> <span class='ocrx_word' id='word_1_119' title='bbox 644 1969 710 2011; x_wconf 93' lang='lat' dir='ltr'><strong>non</strong></span> <span class='ocrx_word' id='word_1_120' title='bbox 721 1947 852 2026; x_wconf 85' lang='lat' dir='ltr'><strong>restitit,</strong></span> <span class='ocrx_word' id='word_1_121' title='bbox 875 1948 933 2012; x_wconf 93' lang='lat' dir='ltr'><strong>sed</strong></span> <span class='ocrx_word' id='word_1_122' title='bbox 947 1957 1038 2013; x_wconf 89' lang='lat' dir='ltr'><strong>totus</strong></span> <span class='ocrx_word' id='word_1_123' title='bbox 1065 1948 1195 2028; x_wconf 88' lang='lat' dir='ltr'><strong>institit,</strong></span> <span class='ocrx_word' id='word_1_124' title='bbox 1213 1947 1268 2034; x_wconf 93' lang='lat' dir='ltr'><strong>qui</strong></span> <span class='ocrx_word' id='word_1_125' title='bbox 1290 1956 1370 2033; x_wconf 89' lang='lat' dir='ltr'><strong>quot</strong></span> <span class='ocrx_word' id='word_1_126' title='bbox 1383 1947 1534 2012; x_wconf 84' lang='lat' dir='ltr'><strong>toleravit</strong></span> <span class='ocrx_word' id='word_1_127' title='bbox 1556 1967 1597 2010; x_wconf 86' lang='lat' dir='ltr'><strong>ex</strong></span> 
     </span>
     <span class='ocr_line' id='line_1_15' title="bbox 397 2049 1598 2137; baseline -0.003 -21"><span class='ocrx_word' id='word_1_128' title='bbox 397 2049 498 2116; x_wconf 83' lang='lat' dir='ltr'><strong>Lausi</strong></span> <span class='ocrx_word' id='word_1_129' title='bbox 511 2049 675 2135; x_wconf 86' lang='lat' dir='ltr'><strong>prosperis</strong></span> <span class='ocrx_word' id='word_1_130' title='bbox 700 2050 845 2130; x_wconf 84' lang='lat' dir='ltr'><strong>adversa,</strong></span> <span class='ocrx_word' id='word_1_131' title='bbox 859 2051 911 2115; x_wconf 87' lang='lat' dir='ltr'><strong>val</strong></span> <span class='ocrx_word' id='word_1_132' title='bbox 926 2073 965 2116; x_wconf 85' lang='lat' dir='ltr'><strong>ex</strong></span> <span class='ocrx_word' id='word_1_133' title='bbox 990 2050 1198 2137; x_wconf 86' lang='lat' dir='ltr'><strong>provectibus</strong></span> <span class='ocrx_word' id='word_1_134' title='bbox 1224 2050 1459 2137; x_wconf 83' lang='lat' dir='ltr'><strong>depressiones,</strong></span> <span class='ocrx_word' id='word_1_135' title='bbox 1485 2071 1527 2114; x_wconf 85' lang='lat' dir='ltr'><strong>ex</strong></span> <span class='ocrx_word' id='word_1_136' title='bbox 1541 2071 1598 2112; x_wconf 89' lang='lat' dir='ltr'><strong>an·</strong></span> 
     </span>
     <span class='ocr_line' id='line_1_16' title="bbox 397 2152 1598 2240; baseline -0.002 -22"><span class='ocrx_word' id='word_1_137' title='bbox 397 2153 502 2240; x_wconf 89' lang='lat' dir='ltr'><strong>gustis</strong></span> <span class='ocrx_word' id='word_1_138' title='bbox 539 2152 715 2238; x_wconf 86' lang='lat' dir='ltr'><strong>angustias,</strong></span> <span class='ocrx_word' id='word_1_139' title='bbox 750 2163 801 2218; x_wconf 90' lang='lat' dir='ltr'><strong>tot</strong></span> <span class='ocrx_word' id='word_1_140' title='bbox 828 2154 1006 2239; x_wconf 89' lang='lat' dir='ltr'><strong>intelligere</strong></span> <span class='ocrx_word' id='word_1_141' title='bbox 1035 2155 1148 2220; x_wconf 87' lang='lat' dir='ltr'><strong>debuit</strong></span> <span class='ocrx_word' id='word_1_142' title='bbox 1184 2154 1428 2240; x_wconf 85' lang='lat' dir='ltr'><strong>castigationes3</strong></span> <span class='ocrx_word' id='word_1_143' title='bbox 1465 2162 1500 2218; x_wconf 88' lang='lat' dir='ltr'><strong>st</strong></span> <span class='ocrx_word' id='word_1_144' title='bbox 1527 2152 1598 2238; x_wconf 90' lang='lat' dir='ltr'><strong>ipse</strong></span> 
     </span>
     <span class='ocr_line' id='line_1_17' title="bbox 398 2257 1598 2344; baseline -0.003 -21"><span class='ocrx_word' id='word_1_145' title='bbox 398 2265 589 2342; x_wconf 88' lang='lat' dir='ltr'><strong>contemptu</strong></span> <span class='ocrx_word' id='word_1_146' title='bbox 606 2258 748 2343; x_wconf 82' lang='lat' dir='ltr'><strong>perfecto</strong></span> <span class='ocrx_word' id='word_1_147' title='bbox 775 2257 883 2323; x_wconf 90' lang='lat' dir='ltr'><strong>Deum</strong></span> <span class='ocrx_word' id='word_1_148' title='bbox 910 2279 979 2323; x_wconf 93' lang='lat' dir='ltr'><strong>ase</strong></span> <span class='ocrx_word' id='word_1_149' title='bbox 1003 2259 1137 2344; x_wconf 83' lang='lat' dir='ltr'><strong>fugarit,</strong></span> <span class='ocrx_word' id='word_1_150' title='bbox 1162 2279 1227 2344; x_wconf 92' lang='lat' dir='ltr'><strong>quc</strong></span> <span class='ocrx_word' id='word_1_151' title='bbox 1242 2267 1374 2344; x_wconf 90' lang='lat' dir='ltr'><strong>propter</strong></span> <span class='ocrx_word' id='word_1_152' title='bbox 1387 2257 1598 2323; x_wconf 87' lang='lat' dir='ltr'><strong>homicidium</strong></span> 
     </span>
     <span class='ocr_line' id='line_1_18' title="bbox 397 2359 1600 2447; baseline -0.002 -22"><span class='ocrx_word' id='word_1_153' title='bbox 397 2362 520 2427; x_wconf 81' lang='lat' dir='ltr'><strong>foedum</strong></span> <span class='ocrx_word' id='word_1_154' title='bbox 537 2383 651 2426; x_wconf 83' lang='lat' dir='ltr'><strong>averso</strong></span> <span class='ocrx_word' id='word_1_155' title='bbox 667 2359 764 2426; x_wconf 86' lang='lat' dir='ltr'><strong>catuli</strong></span> <span class='ocrx_word' id='word_1_156' title='bbox 779 2361 908 2427; x_wconf 91' lang='lat' dir='ltr'><strong>leonum</strong></span> <span class='ocrx_word' id='word_1_157' title='bbox 925 2361 1087 2447; x_wconf 81' lang='lat' dir='ltr'><strong>rugientes</strong></span> <span class='ocrx_word' id='word_1_158' title='bbox 1101 2359 1190 2427; x_wconf 90' lang='lat' dir='ltr'><strong>hunc</strong></span> <span class='ocrx_word' id='word_1_159' title='bbox 1204 2385 1224 2426; x_wconf 93' lang='lat' dir='ltr'><strong>a</strong></span> <span class='ocrx_word' id='word_1_160' title='bbox 1238 2363 1311 2426; x_wconf 91' lang='lat' dir='ltr'><strong>Deo</strong></span> <span class='ocrx_word' id='word_1_161' title='bbox 1327 2361 1389 2426; x_wconf 90' lang='lat' dir='ltr'><strong>sibi</strong></span> <span class='ocrx_word' id='word_1_162' title='bbox 1403 2360 1600 2447; x_wconf 70' lang='lat' dir='ltr'><strong>quaesierunt</strong></span> 
     </span>
     <span class='ocr_line' id='line_1_19' title="bbox 399 2463 1598 2545; baseline -0.002 -15"><span class='ocrx_word' id='word_1_163' title='bbox 399 2487 517 2545; x_wconf 90' lang='lat' dir='ltr'><strong>escam,</strong></span> <span class='ocrx_word' id='word_1_164' title='bbox 533 2474 567 2528; x_wconf 90' lang='lat' dir='ltr'><strong>et</strong></span> <span class='ocrx_word' id='word_1_165' title='bbox 581 2465 676 2528; x_wconf 87' lang='lat' dir='ltr'><strong>datus</strong></span> <span class='ocrx_word' id='word_1_166' title='bbox 692 2473 742 2528; x_wconf 90' lang='lat' dir='ltr'><strong>est</strong></span> <span class='ocrx_word' id='word_1_167' title='bbox 764 2464 822 2545; x_wconf 90' lang='lat' dir='ltr'><strong>eis,</strong></span> <span class='ocrx_word' id='word_1_168' title='bbox 843 2474 878 2530; x_wconf 91' lang='lat' dir='ltr'><strong>et</strong></span> <span class='ocrx_word' id='word_1_169' title='bbox 896 2463 1120 2530; x_wconf 88' lang='lat' dir='ltr'><strong>custodierunt</strong></span> <span class='ocrx_word' id='word_1_170' title='bbox 1133 2487 1219 2545; x_wconf 88' lang='lat' dir='ltr'><strong>eum,</strong></span> <span class='ocrx_word' id='word_1_171' title='bbox 1241 2475 1279 2529; x_wconf 90' lang='lat' dir='ltr'><strong>ut</strong></span> <span class='ocrx_word' id='word_1_172' title='bbox 1294 2464 1395 2529; x_wconf 90' lang='lat' dir='ltr'><strong>filium</strong></span> <span class='ocrx_word' id='word_1_173' title='bbox 1411 2463 1512 2530; x_wconf 88' lang='lat' dir='ltr'><strong>Lausi</strong></span> <span class='ocrx_word' id='word_1_174' title='bbox 1526 2485 1598 2529; x_wconf 92' lang='lat' dir='ltr'><strong>cum</strong></span> 
     </span>
     <span class='ocr_line' id='line_1_20' title="bbox 399 2567 1598 2656; baseline -0.001 -24"><span class='ocrx_word' id='word_1_175' title='bbox 399 2578 491 2655; x_wconf 80' lang='lat' dir='ltr'><strong>patre</strong></span> <span class='ocrx_word' id='word_1_176' title='bbox 517 2567 615 2633; x_wconf 89' lang='lat' dir='ltr'><strong>simul</strong></span> <span class='ocrx_word' id='word_1_177' title='bbox 636 2568 807 2647; x_wconf 90' lang='lat' dir='ltr'><strong>occideret,</strong></span> <span class='ocrx_word' id='word_1_178' title='bbox 830 2568 1024 2654; x_wconf 89' lang='lat' dir='ltr'><strong>plenamque</strong></span> <span class='ocrx_word' id='word_1_179' title='bbox 1044 2569 1245 2634; x_wconf 85' lang='lat' dir='ltr'><strong>voluntatem</strong></span> <span class='ocrx_word' id='word_1_180' title='bbox 1266 2567 1440 2633; x_wconf 83' lang='lat' dir='ltr'><strong>habentem</strong></span> <span class='ocrx_word' id='word_1_181' title='bbox 1466 2568 1598 2656; x_wconf 88' lang='lat' dir='ltr'><strong>aliisque</strong></span> 
     </span>
     <span class='ocr_line' id='line_1_21' title="bbox 401 2649 1599 2756; baseline -0.001 -22"><span class='ocrx_word' id='word_1_182' title='bbox 401 2670 463 2735; x_wconf 91' lang='lat' dir='ltr'><strong>sibi</strong></span> <span class='ocrx_word' id='word_1_183' title='bbox 479 2669 657 2754; x_wconf 88' lang='lat' dir='ltr'><strong>saginatum</strong></span> <span class='ocrx_word' id='word_1_184' title='bbox 673 2669 827 2754; x_wconf 90' lang='lat' dir='ltr'><strong>nequitiis</strong></span> <span class='ocrx_word' id='word_1_185' title='bbox 841 2681 1039 2735; x_wconf 83' lang='lat' dir='ltr'><strong>vocaverunt</strong></span> <span class='ocrx_word' id='word_1_186' title='bbox 1053 2693 1127 2736; x_wconf 88' lang='lat' dir='ltr'><strong>oum</strong></span> <span class='ocrx_word' id='word_1_187' title='bbox 1143 2670 1273 2756; x_wconf 75' lang='lat' dir='ltr'><strong>placuit.</strong></span> <span class='ocrx_word' id='word_1_188' title='bbox 1300 2649 1376 2736; x_wconf 82' lang='lat' dir='ltr'><strong>Hob</strong></span> <span class='ocrx_word' id='word_1_189' title='bbox 1390 2670 1489 2736; x_wconf 90' lang='lat' dir='ltr'><strong>modo</strong></span> <span class='ocrx_word' id='word_1_190' title='bbox 1504 2691 1599 2756; x_wconf 91' lang='lat' dir='ltr'><strong>quem</strong></span> 
     </span>
     <span class='ocr_line' id='line_1_22' title="bbox 402 2771 1600 2858; baseline 0 -20"><span class='ocrx_word' id='word_1_191' title='bbox 402 2773 567 2838; x_wconf 87' lang='lat' dir='ltr'><strong>Dominus</strong></span> <span class='ocrx_word' id='word_1_192' title='bbox 583 2771 798 2857; x_wconf 87' lang='lat' dir='ltr'><strong>dereliquerit,</strong></span> <span class='ocrx_word' id='word_1_193' title='bbox 809 2771 863 2838; x_wconf 93' lang='lat' dir='ltr'><strong>ille</strong></span> <span class='ocrx_word' id='word_1_194' title='bbox 878 2773 1031 2852; x_wconf 90' lang='lat' dir='ltr'><strong>custodit,</strong></span> <span class='ocrx_word' id='word_1_195' title='bbox 1051 2775 1103 2838; x_wconf 91' lang='lat' dir='ltr'><strong>cui</strong></span> <span class='ocrx_word' id='word_1_196' title='bbox 1118 2774 1289 2840; x_wconf 90' lang='lat' dir='ltr'><strong>derelictus</strong></span> <span class='ocrx_word' id='word_1_197' title='bbox 1305 2784 1366 2854; x_wconf 89' lang='lat' dir='ltr'><strong>est,</strong></span> <span class='ocrx_word' id='word_1_198' title='bbox 1385 2783 1425 2839; x_wconf 87' lang='lat' dir='ltr'><strong>ut</strong></span> <span class='ocrx_word' id='word_1_199' title='bbox 1438 2775 1501 2858; x_wconf 87' lang='lat' dir='ltr'><strong>ipsi</strong></span> <span class='ocrx_word' id='word_1_200' title='bbox 1518 2795 1600 2839; x_wconf 89' lang='lat' dir='ltr'><strong>sem·</strong></span> 
     </span>
     <span class='ocr_line' id='line_1_23' title="bbox 402 2873 1601 2963; baseline 0.002 -24"><span class='ocrx_word' id='word_1_201' title='bbox 402 2897 460 2961; x_wconf 92' lang='lat' dir='ltr'><strong>per</strong></span> <span class='ocrx_word' id='word_1_202' title='bbox 479 2874 615 2960; x_wconf 91' lang='lat' dir='ltr'><strong>impune</strong></span> <span class='ocrx_word' id='word_1_203' title='bbox 637 2873 792 2939; x_wconf 85' lang='lat' dir='ltr'><strong>desaeviat</strong></span> <span class='ocrx_word' id='word_1_204' title='bbox 811 2875 864 2940; x_wconf 91' lang='lat' dir='ltr'><strong>eui</strong></span> <span class='ocrx_word' id='word_1_205' title='bbox 886 2876 1038 2957; x_wconf 86' lang='lat' dir='ltr'><strong>deservit,</strong></span> <span class='ocrx_word' id='word_1_206' title='bbox 1061 2876 1290 2963; x_wconf 89' lang='lat' dir='ltr'><strong>damnosisque</strong></span> <span class='ocrx_word' id='word_1_207' title='bbox 1314 2877 1517 2943; x_wconf 87' lang='lat' dir='ltr'><strong>successibus</strong></span> <span class='ocrx_word' id='word_1_208' title='bbox 1542 2873 1601 2941; x_wconf 66' lang='lat' dir='ltr'><strong>im·&#39;</strong></span> 
     </span>
     <span class='ocr_line' id='line_1_24' title="bbox 403 2975 1600 3065; baseline 0.004 -26"><span class='ocrx_word' id='word_1_209' title='bbox 403 2977 555 3062; x_wconf 88' lang='lat' dir='ltr'><strong>pingetur</strong></span> <span class='ocrx_word' id='word_1_210' title='bbox 577 2975 618 3039; x_wconf 93' lang='lat' dir='ltr'><strong>ad</strong></span> <span class='ocrx_word' id='word_1_211' title='bbox 641 2984 791 3056; x_wconf 87' lang='lat' dir='ltr'><strong>mortem,</strong></span> <span class='ocrx_word' id='word_1_212' title='bbox 816 2977 920 3042; x_wconf 91' lang='lat' dir='ltr'><strong>donec</strong></span> <span class='ocrx_word' id='word_1_213' title='bbox 948 2977 1081 3062; x_wconf 89' lang='lat' dir='ltr'><strong>impleta</strong></span> <span class='ocrx_word' id='word_1_214' title='bbox 1105 2979 1148 3043; x_wconf 88' lang='lat' dir='ltr'><strong>sit</strong></span> <span class='ocrx_word' id='word_1_215' title='bbox 1176 2978 1330 3065; x_wconf 90' lang='lat' dir='ltr'><strong>iniquitas</strong></span> <span class='ocrx_word' id='word_1_216' title='bbox 1352 2979 1394 3044; x_wconf 93' lang='lat' dir='ltr'><strong>ad</strong></span> <span class='ocrx_word' id='word_1_217' title='bbox 1415 2979 1600 3045; x_wconf 81' lang='lat' dir='ltr'><strong>vindictam.</strong></span> 
     </span>
     <span class='ocr_line' id='line_1_25' title="bbox 404 3079 1603 3170; baseline 0.003 -25"><span class='ocrx_word' id='word_1_218' title='bbox 404 3079 552 3145; x_wconf 78' lang='lat' dir='ltr'><strong>Audiant</strong></span> <span class='ocrx_word' id='word_1_219' title='bbox 573 3079 644 3142; x_wconf 80' lang='lat' dir='ltr'><strong>hmo</strong></span> <span class='ocrx_word' id='word_1_220' title='bbox 664 3089 698 3143; x_wconf 92' lang='lat' dir='ltr'><strong>et</strong></span> <span class='ocrx_word' id='word_1_221' title='bbox 719 3079 911 3165; x_wconf 88' lang='lat' dir='ltr'><strong>resipiscant</strong></span> <span class='ocrx_word' id='word_1_222' title='bbox 931 3081 1032 3161; x_wconf 84' lang='lat' dir='ltr'><strong>lividi,</strong></span> <span class='ocrx_word' id='word_1_223' title='bbox 1047 3105 1108 3148; x_wconf 91' lang='lat' dir='ltr'><strong>nec</strong></span> <span class='ocrx_word' id='word_1_224' title='bbox 1134 3092 1288 3168; x_wconf 87' lang='lat' dir='ltr'><strong>spernant</strong></span> <span class='ocrx_word' id='word_1_225' title='bbox 1313 3085 1603 3170; x_wconf 87' lang='lat' dir='ltr'><strong>quomodocunque</strong></span> 
     </span>
     <span class='ocr_line' id='line_1_26' title="bbox 404 3181 1603 3274; baseline 0.003 -28"><span class='ocrx_word' id='word_1_226' title='bbox 404 3181 535 3248; x_wconf 81' lang='lat' dir='ltr'><strong>romeis</strong></span> <span class='ocrx_word' id='word_1_227' title='bbox 559 3181 806 3262; x_wconf 81' lang='lat' dir='ltr'><strong>masticaverim,</strong></span> <span class='ocrx_word' id='word_1_228' title='bbox 829 3184 857 3248; x_wconf 91' lang='lat' dir='ltr'><strong>si</strong></span> <span class='ocrx_word' id='word_1_229' title='bbox 881 3185 958 3270; x_wconf 89' lang='lat' dir='ltr'><strong>quid</strong></span> <span class='ocrx_word' id='word_1_230' title='bbox 983 3185 1132 3250; x_wconf 77' lang='lat' dir='ltr'><strong>utilitatis</strong></span> <span class='ocrx_word' id='word_1_231' title='bbox 1158 3185 1292 3252; x_wconf 88' lang='lat' dir='ltr'><strong>subesse</strong></span> <span class='ocrx_word' id='word_1_232' title='bbox 1306 3186 1478 3253; x_wconf 85' lang='lat' dir='ltr'><strong>videbitur.</strong></span> <span class='ocrx_word' id='word_1_233' title='bbox 1523 3187 1603 3274; x_wconf 88' lang='lat' dir='ltr'><strong>Apis</strong></span> 
     </span>
     <span class='ocr_line' id='line_1_27' title="bbox 406 3285 1605 3377; baseline 0.002 -25"><span class='ocrx_word' id='word_1_234' title='bbox 406 3295 440 3352; x_wconf 86' lang='lat' dir='ltr'><strong>et</strong></span> <span class='ocrx_word' id='word_1_235' title='bbox 454 3285 603 3351; x_wconf 89' lang='lat' dir='ltr'><strong>dulcibus</strong></span> <span class='ocrx_word' id='word_1_236' title='bbox 618 3295 653 3350; x_wconf 87' lang='lat' dir='ltr'><strong>et</strong></span> <span class='ocrx_word' id='word_1_237' title='bbox 666 3287 782 3352; x_wconf 88' lang='lat' dir='ltr'><strong>amaris</strong></span> <span class='ocrx_word' id='word_1_238' title='bbox 797 3287 906 3353; x_wconf 87' lang='lat' dir='ltr'><strong>herbis</strong></span> <span class='ocrx_word' id='word_1_239' title='bbox 920 3289 1049 3368; x_wconf 91' lang='lat' dir='ltr'><strong>insidet,</strong></span> <span class='ocrx_word' id='word_1_240' title='bbox 1065 3300 1099 3354; x_wconf 92' lang='lat' dir='ltr'><strong>et</strong></span> <span class='ocrx_word' id='word_1_241' title='bbox 1120 3311 1160 3354; x_wconf 83' lang='lat' dir='ltr'><strong>ex</strong></span> <span class='ocrx_word' id='word_1_242' title='bbox 1175 3289 1308 3376; x_wconf 88' lang='lat' dir='ltr'><strong>singulis</strong></span> <span class='ocrx_word' id='word_1_243' title='bbox 1323 3289 1444 3377; x_wconf 88' lang='lat' dir='ltr'><strong>aliquid</strong></span> <span class='ocrx_word' id='word_1_244' title='bbox 1458 3313 1540 3357; x_wconf 74' lang='lat' dir='ltr'><strong>ceras</strong></span> <span class='ocrx_word' id='word_1_245' title='bbox 1554 3287 1605 3355; x_wconf 83' lang='lat' dir='ltr'><strong>rel</strong></span> 
     </span>
     <span class='ocr_line' id='line_1_28' title="bbox 407 3387 1605 3482; baseline 0.004 -28"><span class='ocrx_word' id='word_1_246' title='bbox 407 3389 511 3455; x_wconf 90' lang='lat' dir='ltr'><strong>mellis</strong></span> <span class='ocrx_word' id='word_1_247' title='bbox 526 3387 634 3468; x_wconf 84' lang='lat' dir='ltr'><strong>elicit3</strong></span> <span class='ocrx_word' id='word_1_248' title='bbox 657 3391 781 3455; x_wconf 86' lang='lat' dir='ltr'><strong>amator</strong></span> <span class='ocrx_word' id='word_1_249' title='bbox 802 3391 968 3477; x_wconf 76' lang='lat' dir='ltr'><strong>sapientise</strong></span> <span class='ocrx_word' id='word_1_250' title='bbox 982 3391 1159 3478; x_wconf 89' lang='lat' dir='ltr'><strong>quemlibet</strong></span> <span class='ocrx_word' id='word_1_251' title='bbox 1173 3393 1207 3457; x_wconf 94' lang='lat' dir='ltr'><strong>in</strong></span> <span class='ocrx_word' id='word_1_252' title='bbox 1222 3393 1329 3479; x_wconf 88' lang='lat' dir='ltr'><strong>aliquo</strong></span> <span class='ocrx_word' id='word_1_253' title='bbox 1343 3403 1475 3480; x_wconf 86' lang='lat' dir='ltr'><strong>poetam</strong></span> <span class='ocrx_word' id='word_1_254' title='bbox 1490 3413 1605 3482; x_wconf 88' lang='lat' dir='ltr'><strong>appro·</strong></span> 
     </span>
     <span class='ocr_line' id='line_1_29' title="bbox 406 3491 1608 3581; baseline 0.007 -25"><span class='ocrx_word' id='word_1_255' title='bbox 406 3491 514 3571; x_wconf 87' lang='lat' dir='ltr'><strong>bat,et</strong></span> <span class='ocrx_word' id='word_1_256' title='bbox 524 3491 565 3557; x_wconf 90' lang='lat' dir='ltr'><strong>ab</strong></span> <span class='ocrx_word' id='word_1_257' title='bbox 575 3491 665 3558; x_wconf 91' lang='lat' dir='ltr'><strong>omni</strong></span> <span class='ocrx_word' id='word_1_258' title='bbox 676 3493 794 3579; x_wconf 82' lang='lat' dir='ltr'><strong>pagina</strong></span> <span class='ocrx_word' id='word_1_259' title='bbox 804 3517 900 3580; x_wconf 91' lang='lat' dir='ltr'><strong>quam</strong></span> <span class='ocrx_word' id='word_1_260' title='bbox 910 3494 1230 3581; x_wconf 83' lang='lat' dir='ltr'><strong>bajulaveritrecedit</strong></span> <span class='ocrx_word' id='word_1_261' title='bbox 1240 3497 1377 3564; x_wconf 89' lang='lat' dir='ltr'><strong>doctior.</strong></span> <span class='ocrx_word' id='word_1_262' title='bbox 1400 3499 1509 3564; x_wconf 90' lang='lat' dir='ltr'><strong>Instat</strong></span> <span class='ocrx_word' id='word_1_263' title='bbox 1519 3499 1608 3565; x_wconf 88' lang='lat' dir='ltr'><strong>enim</strong></span> 
     </span>
     <span class='ocr_line' id='line_1_30' title="bbox 408 3595 1608 3686; baseline 0.005 -26"><span class='ocrx_word' id='word_1_264' title='bbox 408 3605 442 3660; x_wconf 90' lang='lat' dir='ltr'><strong>et</strong></span> <span class='ocrx_word' id='word_1_265' title='bbox 456 3595 600 3660; x_wconf 77' lang='lat' dir='ltr'><strong>adhaeret</strong></span> <span class='ocrx_word' id='word_1_266' title='bbox 625 3595 736 3676; x_wconf 77' lang='lat' dir='ltr'><strong>literae,</strong></span> <span class='ocrx_word' id='word_1_267' title='bbox 756 3619 817 3664; x_wconf 89' lang='lat' dir='ltr'><strong>neo</strong></span> <span class='ocrx_word' id='word_1_268' title='bbox 838 3598 936 3662; x_wconf 87' lang='lat' dir='ltr'><strong>hahet</strong></span> <span class='ocrx_word' id='word_1_269' title='bbox 960 3597 1099 3682; x_wconf 89' lang='lat' dir='ltr'><strong>aliquam</strong></span> <span class='ocrx_word' id='word_1_270' title='bbox 1115 3597 1251 3664; x_wconf 84' lang='lat' dir='ltr'><strong>invisam</strong></span> <span class='ocrx_word' id='word_1_271' title='bbox 1278 3599 1341 3664; x_wconf 90' lang='lat' dir='ltr'><strong>nisi</strong></span> <span class='ocrx_word' id='word_1_272' title='bbox 1364 3601 1536 3686; x_wconf 80' lang='lat' dir='ltr'><strong>pervisam,</strong></span> <span class='ocrx_word' id='word_1_273' title='bbox 1552 3611 1608 3666; x_wconf 83' lang='lat' dir='ltr'><strong>aut</strong></span> 
     </span>
     <span class='ocr_line' id='line_1_31' title="bbox 408 3698 1610 3789; baseline 0.006 -27"><span class='ocrx_word' id='word_1_274' title='bbox 408 3699 586 3783; x_wconf 75' lang='lat' dir='ltr'><strong>neglectam</strong></span> <span class='ocrx_word' id='word_1_275' title='bbox 616 3698 679 3763; x_wconf 91' lang='lat' dir='ltr'><strong>nisi</strong></span> <span class='ocrx_word' id='word_1_276' title='bbox 707 3700 892 3785; x_wconf 88' lang='lat' dir='ltr'><strong>perlectam,</strong></span> <span class='ocrx_word' id='word_1_277' title='bbox 919 3699 946 3765; x_wconf 93' lang='lat' dir='ltr'><strong>si</strong></span> <span class='ocrx_word' id='word_1_278' title='bbox 976 3701 1053 3786; x_wconf 91' lang='lat' dir='ltr'><strong>quid</strong></span> <span class='ocrx_word' id='word_1_279' title='bbox 1081 3711 1193 3766; x_wconf 85' lang='lat' dir='ltr'><strong>auctor</strong></span> <span class='ocrx_word' id='word_1_280' title='bbox 1219 3701 1371 3787; x_wconf 86' lang='lat' dir='ltr'><strong>opinatus</strong></span> <span class='ocrx_word' id='word_1_281' title='bbox 1400 3713 1451 3768; x_wconf 89' lang='lat' dir='ltr'><strong>est</strong></span> <span class='ocrx_word' id='word_1_282' title='bbox 1474 3705 1610 3789; x_wconf 88' lang='lat' dir='ltr'><strong>provide</strong></span> 
     </span>
     <span class='ocr_line' id='line_1_32' title="bbox 410 3799 1610 3891; baseline 0.008 -26"><span class='ocrx_word' id='word_1_283' title='bbox 410 3799 619 3887; x_wconf 84' lang='lat' dir='ltr'><strong>comprohat3</strong></span> <span class='ocrx_word' id='word_1_284' title='bbox 646 3802 673 3865; x_wconf 90' lang='lat' dir='ltr'><strong>si</strong></span> <span class='ocrx_word' id='word_1_285' title='bbox 695 3823 772 3867; x_wconf 88' lang='lat' dir='ltr'><strong>vero</strong></span> <span class='ocrx_word' id='word_1_286' title='bbox 790 3803 890 3888; x_wconf 90' lang='lat' dir='ltr'><strong>(quod</strong></span> <span class='ocrx_word' id='word_1_287' title='bbox 914 3803 1000 3868; x_wconf 88' lang='lat' dir='ltr'><strong>absit</strong></span> <span class='ocrx_word' id='word_1_288' title='bbox 1013 3803 1032 3888; x_wconf 86' lang='lat' dir='ltr'><strong>l)</strong></span> <span class='ocrx_word' id='word_1_289' title='bbox 1049 3805 1169 3891; x_wconf 89' lang='lat' dir='ltr'><strong>ubique</strong></span> <span class='ocrx_word' id='word_1_290' title='bbox 1183 3801 1281 3870; x_wconf 84' lang='lat' dir='ltr'><strong>fuerit</strong></span> <span class='ocrx_word' id='word_1_291' title='bbox 1295 3806 1429 3888; x_wconf 86' lang='lat' dir='ltr'><strong>inutilis,</strong></span> <span class='ocrx_word' id='word_1_292' title='bbox 1451 3829 1519 3874; x_wconf 91' lang='lat' dir='ltr'><strong>non</strong></span> <span class='ocrx_word' id='word_1_293' title='bbox 1534 3831 1610 3875; x_wconf 89' lang='lat' dir='ltr'><strong>auc·</strong></span> 
     </span>
     <span class='ocr_line' id='line_1_33' title="bbox 410 3903 1610 3998; baseline 0.009 -31"><span class='ocrx_word' id='word_1_294' title='bbox 410 3903 490 3968; x_wconf 89' lang='lat' dir='ltr'><strong>toris</strong></span> <span class='ocrx_word' id='word_1_295' title='bbox 515 3905 657 3992; x_wconf 90' lang='lat' dir='ltr'><strong>imputat</strong></span> <span class='ocrx_word' id='word_1_296' title='bbox 670 3905 812 3990; x_wconf 78' lang='lat' dir='ltr'><strong>ineptiae,</strong></span> <span class='ocrx_word' id='word_1_297' title='bbox 836 3906 894 3971; x_wconf 89' lang='lat' dir='ltr'><strong>sed</strong></span> <span class='ocrx_word' id='word_1_298' title='bbox 915 3904 1103 3972; x_wconf 88' lang='lat' dir='ltr'><strong>hebetudini</strong></span> <span class='ocrx_word' id='word_1_299' title='bbox 1120 3909 1269 3994; x_wconf 76' lang='lat' dir='ltr'><strong>propriae,</strong></span> <span class='ocrx_word' id='word_1_300' title='bbox 1295 3929 1446 3997; x_wconf 80' lang='lat' dir='ltr'><strong>saepeque</strong></span> <span class='ocrx_word' id='word_1_301' title='bbox 1471 3913 1610 3998; x_wconf 88' lang='lat' dir='ltr'><strong>repulsis</strong></span> 
     </span>
     <span class='ocr_line' id='line_1_34' title="bbox 411 4005 1611 4100; baseline 0.009 -31"><span class='ocrx_word' id='word_1_302' title='bbox 411 4005 489 4071; x_wconf 92' lang='lat' dir='ltr'><strong>dum</strong></span> <span class='ocrx_word' id='word_1_303' title='bbox 504 4006 652 4092; x_wconf 91' lang='lat' dir='ltr'><strong>improbe</strong></span> <span class='ocrx_word' id='word_1_304' title='bbox 665 4009 807 4073; x_wconf 90' lang='lat' dir='ltr'><strong>luctatur</strong></span> <span class='ocrx_word' id='word_1_305' title='bbox 820 4009 966 4075; x_wconf 85' lang='lat' dir='ltr'><strong>evincere</strong></span> <span class='ocrx_word' id='word_1_306' title='bbox 982 4011 1069 4096; x_wconf 91' lang='lat' dir='ltr'><strong>quod</strong></span> <span class='ocrx_word' id='word_1_307' title='bbox 1090 4011 1185 4096; x_wconf 86' lang='lat' dir='ltr'><strong>juvat</strong></span> <span class='ocrx_word' id='word_1_308' title='bbox 1207 4023 1264 4078; x_wconf 88' lang='lat' dir='ltr'><strong>aut</strong></span> <span class='ocrx_word' id='word_1_309' title='bbox 1279 4015 1394 4100; x_wconf 90' lang='lat' dir='ltr'><strong>prosit,</strong></span> <span class='ocrx_word' id='word_1_310' title='bbox 1409 4013 1443 4078; x_wconf 93' lang='lat' dir='ltr'><strong>in</strong></span> <span class='ocrx_word' id='word_1_311' title='bbox 1460 4037 1562 4082; x_wconf 80' lang='lat' dir='ltr'><strong>noras</strong></span> <span class='ocrx_word' id='word_1_312' title='bbox 1576 4025 1611 4082; x_wconf 81' lang='lat' dir='ltr'><strong>et</strong></span> 
     </span>
    </p>
   </div>
   <div class='ocr_carea' id='block_1_3' title="bbox 410 4106 1613 4202">
    <p class='ocr_par' dir='ltr' id='par_1_3' title="bbox 410 4106 1613 4202">
     <span class='ocr_line' id='line_1_35' title="bbox 410 4106 1613 4202; baseline 0.011 -30"><span class='ocrx_word' id='word_1_313' title='bbox 410 4106 558 4172; x_wconf 91' lang='lat' dir='ltr'><strong>meliores</strong></span> <span class='ocrx_word' id='word_1_314' title='bbox 584 4107 698 4174; x_wconf 88' lang='lat' dir='ltr'><strong>incidit</strong></span> <span class='ocrx_word' id='word_1_315' title='bbox 722 4110 861 4194; x_wconf 77' lang='lat' dir='ltr'><strong>argutias</strong></span> <span class='ocrx_word' id='word_1_316' title='bbox 887 4133 983 4198; x_wconf 87' lang='lat' dir='ltr'><strong>quam</strong></span> <span class='ocrx_word' id='word_1_317' title='bbox 1007 4135 1108 4202; x_wconf 89' lang='lat' dir='ltr'><strong>penes</strong></span> <span class='ocrx_word' id='word_1_318' title='bbox 1132 4137 1167 4180; x_wconf 92' lang='lat' dir='ltr'><strong>se</strong></span> <span class='ocrx_word' id='word_1_319' title='bbox 1192 4125 1305 4183; x_wconf 88' lang='lat' dir='ltr'><strong>auctor</strong></span> <span class='ocrx_word' id='word_1_320' title='bbox 1327 4117 1487 4184; x_wconf 84' lang='lat' dir='ltr'><strong>habuerit.</strong></span> <span class='ocrx_word' id='word_1_321' title='bbox 1533 4119 1613 4184; x_wconf 86' lang='lat' dir='ltr'><strong>Non</strong></span> 
     </span>
    </p>
   </div>
   <div class='ocr_carea' id='block_1_4' title="bbox 0 0 1842 4852">
    <p class='ocr_par' dir='ltr' id='par_1_4' title="bbox 0 0 1842 4852">
     <span class='ocr_line' id='line_1_36' title="bbox 0 0 1842 4852; baseline 0 0"><span class='ocrx_word' id='word_1_322' title='bbox 0 0 1842 4852; x_wconf 95' lang='lat' dir='ltr'><strong> </strong></span> 
     </span>
    </p>
   </div>
  </div>
 </body>
</html>
