3608 4862
402 539 444 600 80
836 550 1025 596 unaarum
1042 549 1163 596 MAPES
1414 551 1533 613 [Distinc.
1546 551 1584 602 Il.

402 703 517 769 bilium
540 701 744 769 foeminarum
770 702 945 768 maximam
969 704 1120 769 choream
1144 699 1236 766 vidit.
1280 700 1386 765 Erant
1407 712 1516 767 autem
1530 704 1603 789 pul-

403 814 568 880 cherrimae
580 821 724 898 aspectu,
739 823 941 899 venustoque
955 812 1069 877 habitu
1085 812 1247 897 eleganter
1261 809 1356 876 cultae
1367 812 1453 878 lineo
1463 822 1601 894 tantum,

401 919 603 1004 majoresque
618 917 739 981 nostris
755 926 788 982 et
801 917 1011 1002 proceriores.
1057 917 1168 981 Unam
1182 925 1291 981 tamen
1306 915 1391 981 inter
1405 917 1482 982 alias
1508 927 1601 982 nota-

400 1021 450 1084 vit
474 1020 567 1084 miles
589 1019 765 1105 praedictus
790 1019 914 1084 ooeteris
948 1021 1053 1084 forma
1086 1018 1230 1103 facieque
1258 1027 1478 1101 praestantem,
1505 1041 1601 1104 super

402 1145 515 1188 omnes
539 1145 651 1208 regum
675 1121 805 1187 delicias
830 1120 1085 1187 desiderabilem.
1131 1119 1321 1185 Circuibant
1343 1120 1407 1186 levi
1422 1130 1515 1186 motu
1528 1144 1600 1208 ges-

400 1236 502 1313 tuque
512 1225 669 1312 jocundo,
684 1234 716 1289 et
732 1225 888 1310 castigata
902 1246 994 1304 voce,
1011 1223 1188 1288 reverendo
1202 1232 1365 1288 concentu
1380 1244 1480 1288 sonas
1495 1225 1603 1290 audie-

400 1328 496 1394 batur
516 1329 620 1407 exilis,
645 1337 679 1392 at
703 1350 771 1392 non
797 1337 867 1393 erat
890 1349 996 1392 sermo
1022 1347 1133 1391 earum
1157 1325 1379 1412 intelligibilis.
1425 1328 1499 1420 Hac
1519 1329 1599 1408 visa,

400 1433 493 1497 miles
508 1431 624 1517 accipit
638 1431 757 1496 vulnus
772 1431 807 1496 in
822 1453 888 1509 cor,
911 1451 1049 1515 arcuque
1070 1428 1231 1514 cupidinis
1252 1428 1430 1514 impressos
1451 1431 1508 1495 vix
1529 1453 1600 1495 sus-

398 1535 483 1599 tinet
497 1535 598 1620 ignes,
610 1543 700 1599 totus
715 1535 911 1613 accenditur,
922 1543 1011 1598 totus
1027 1532 1095 1596 abit
1109 1531 1313 1612 inflammas,
1325 1533 1598 1618 etafervorepul-

400 1637 565 1703 cherrimae
580 1637 682 1722 pestis
697 1637 849 1722 aureique
861 1636 1055 1700 discriminis
1070 1635 1236 1700 animosus
1250 1635 1396 1701 efficitur.
1442 1636 1597 1703 Gentium

400 1762 523 1805 errores
539 1740 693 1820 audierat,
716 1749 955 1825 nocturnasque
970 1739 1146 1824 phalanges
1161 1738 1347 1804 daemonum
1363 1748 1397 1804 et
1417 1741 1597 1805 mortiferas

402 1865 514 1908 eorum
537 1843 691 1922 visiones,
710 1843 912 1922 Dictinnam,
928 1852 961 1907 et
977 1851 1082 1907 coetus
1098 1841 1258 1906 Driadum
1282 1853 1317 1907 et
1339 1843 1451 1923 alares,
1466 1845 1599 1909 edoctus

401 1948 599 2012 offensorum
625 1945 802 2011 vindictam
823 1945 995 2010 numinum
1018 1945 1182 2030 quomodo
1209 1945 1325 2010 subitis
1350 1967 1462 2011 eorum
1485 1947 1598 2013 visori-

399 2050 462 2115 bus
479 2048 601 2114 subitas
627 2049 768 2113 inferant
781 2069 905 2134 poenas,
921 2071 1018 2135 quam
1034 2071 1069 2114 se
1083 2048 1206 2113 illibata
1221 2059 1427 2130 conservent,
1442 2061 1475 2114 et
1488 2050 1598 2136 incog-

398 2153 467 2218 nita
490 2162 611 2218 secrete
634 2175 780 2218 seorsum
795 2151 955 2231 habitent,
976 2174 1073 2237 quam
1088 2150 1211 2216 invisos
1233 2151 1375 2217 habeant
1389 2153 1444 2238 qui
1466 2154 1600 2219 consilia

399 2280 511 2322 eorum
527 2257 766 2342 deprehendere
789 2265 948 2321 conantur
963 2264 1002 2318 ut
1016 2256 1177 2340 detegant,
1200 2255 1360 2320 rimantur
1382 2266 1421 2321 ut
1445 2257 1599 2336 revelent,

400 2371 521 2448 quanta
536 2383 570 2425 se
586 2361 801 2425 sollicitudine
817 2360 972 2424 claudunt
986 2382 1028 2424 ne
1040 2357 1110 2422 visa
1124 2358 1291 2438 vilescant,
1304 2359 1444 2424 ultiones
1456 2361 1600 2425 audierat

399 2476 433 2531 et
446 2464 636 2550 punitorum
652 2465 799 2549 exempla
808 2489 818 2542 ;
841 2464 898 2528 sed
914 2463 988 2549 quia
1010 2473 1096 2527 recte
1111 2483 1215 2527 coccus
1231 2462 1349 2548 cupido
1369 2464 1523 2549 pingitur,
1538 2465 1599 2528 im·

398 2591 524 2634 memor
538 2567 684 2633 omnium
700 2569 859 2631 fantasma
873 2589 941 2630 non
962 2575 1089 2651 pensat,
1113 2565 1252 2630 ultorem
1275 2589 1342 2631 non
1364 2566 1464 2646 videt,
1478 2578 1512 2631 et
1527 2590 1598 2652 quae

397 2674 509 2738 lumen
524 2693 591 2734 non
606 2670 705 2734 habet
720 2669 856 2734 offendit
870 2668 1084 2754 improvidus.
1127 2668 1273 2733 Domum
1297 2670 1420 2750 circuit,
1447 2670 1598 2756 adituque

398 2785 527 2860 reperto
542 2773 645 2853 irruit,
660 2773 765 2857 ipsam
780 2772 865 2857 rapit
880 2795 898 2836 a
913 2795 976 2857 qua
998 2772 1132 2857 rapitur,
1155 2782 1189 2836 et
1204 2772 1314 2837 statim
1336 2773 1377 2838 ab
1399 2773 1469 2837 aliis
1487 2773 1599 2860 arripi·

398 2887 463 2956 tur,
479 2885 513 2940 et
536 2875 741 2939 dimicatione
765 2874 941 2939 fortissima
967 2875 1118 2940 detentus
1142 2875 1327 2961 aliquandiu
1352 2876 1418 2940 suis
1442 2877 1597 2962 puerique

400 2980 451 3046 sui
473 2977 599 3062 magnis
624 2976 794 3042 conatibus
817 2977 961 3062 eripitur,
983 2999 1044 3043 nec
1068 2979 1201 3042 omnino
1225 2978 1399 3058 indemnis,
1420 2979 1476 3044 sed
1497 3003 1598 3065 quan-

399 3094 472 3150 tum
487 3082 615 3167 possint
628 3081 832 3146 foeminarum
848 3103 973 3166 ungues
998 3090 1032 3146 et
1051 3082 1166 3146 dentes
1180 3081 1319 3168 pedibus
1341 3083 1438 3148 laesus
1453 3093 1487 3147 et
1500 3083 1599 3164 tibiis,

398 3188 483 3251 hanc
500 3204 611 3248 secum
626 3183 711 3262 tulit,
733 3191 767 3247 et
788 3205 826 3248 ea
849 3205 909 3269 pro
930 3193 1008 3248 voto
1023 3182 1129 3247 tribus
1144 3183 1259 3248 diebus
1284 3194 1318 3250 et
1340 3185 1491 3249 noctibus
1508 3207 1598 3260 usus,

397 3287 534 3354 verbum
556 3284 597 3351 ab
617 3309 655 3351 ea
669 3296 859 3372 extorquere
882 3309 950 3352 non
971 3287 1092 3372 potuit,
1114 3309 1210 3372 passa
1232 3297 1339 3353 tamen
1363 3299 1414 3353 est
1436 3310 1598 3353 consensu

397 3391 525 3480 placido
546 3411 698 3455 venerem
719 3389 896 3476 voluptatis
918 3390 1001 3476 ejus.
1046 3390 1171 3457 Quarta
1192 3411 1269 3455 vero
1292 3391 1344 3456 die
1365 3390 1474 3456 locuta
1496 3400 1547 3455 est
1568 3393 1598 3456 ei

396 3494 495 3561 verba
520 3494 602 3590 hacc,
628 3496 651 3530 “
662 3493 767 3572 Salve,
794 3492 979 3558 dulcissime
1005 3493 1062 3572 mi,
1087 3502 1121 3557 et
1146 3493 1254 3558 salvus
1283 3494 1357 3572 eris,
1382 3503 1416 3559 et
1439 3515 1597 3580 prospero

398 3608 485 3663 statu
514 3617 663 3683 personae
692 3617 863 3681 rerumque
892 3595 1059 3681 gaudebis,
1088 3595 1193 3661 donec
1230 3595 1488 3683 inproperaveris
1517 3597 1597 3663 mihi

397 3711 455 3766 aut
470 3721 595 3764 sorores
611 3721 630 3762 a
649 3696 768 3782 quibus
787 3706 879 3781 rapta
899 3719 983 3775 sum,
1003 3707 1060 3761 aut
1082 3696 1192 3762 locum
1211 3707 1269 3764 aut
1286 3698 1397 3763 lucum
1419 3699 1518 3779 unde,
1542 3709 1597 3765 aut

398 3804 505 3890 aliqua
531 3802 656 3867 circiter
675 3800 776 3881 illud3
801 3822 820 3863 a
850 3799 901 3863 die
919 3820 996 3864 vero
1015 3800 1070 3863 illa
1096 3800 1224 3866 decides
1251 3824 1270 3865 a
1293 3801 1455 3881 felicitate,
1479 3825 1596 3890 meque

396 3905 522 3970 sublata
537 3905 733 3970 detrimento
748 3901 908 3988 frequenti
923 3901 1062 3983 deficies,
1077 3901 1228 3989 diemque
1243 3912 1337 3968 tuum
1352 3904 1597 3990 importunitate

396 4017 455 4070 tua
479 4007 688 4091 praevenies?
734 4006 795 4071 Ille
818 4028 853 4071 se
872 4005 1021 4070 stabilem
1035 4007 1105 4072 fore
1130 4006 1296 4093 fidumque
1318 4030 1445 4093 semper
1470 4008 1505 4072 in
1530 4010 1597 4074 suis

400 4109 564 4174 amoribus
586 4130 777 4195 quacunque
791 4117 901 4195 potest
919 4109 1089 4176 securitate
1110 4111 1283 4197 promittit.
1329 4113 1498 4178 Convocat
1520 4135 1596 4198 ergo
