3608 4862
408 544 475 615 ns
855 563 1043 612 nusnnnar
1066 563 1190 612 uenus
1407 563 1593 630 [nomam.

407 737 538 796 exuam,
566 713 684 801 quibus
712 713 789 782 vite
817 716 1006 782 conceditur
1029 715 1172 796 libertas,
1201 714 1257 802 qui
1284 714 1375 802 loqui
1403 717 1492 802 qnod
1513 717 1608 802 juvat

409 818 542 898 audent,
556 827 591 882 et
603 827 709 883 meere
724 817 813 903 quod
826 839 940 884 necem
954 817 1081 904 ingerit.
1126 817 1236 905 Caput
1248 819 1313 884 huc
1330 820 1445 884 advexi
1459 819 1608 898 liberum,

409 930 445 988 et
468 920 628 986 inflictum
654 929 706 986 est
726 920 803 985 huic
824 921 872 986 ori
895 943 969 986 meo
990 920 1166 1002 silentium,
1187 943 1230 986 ne
1248 923 1362 1008 loquar
1382 923 1522 1010 emplius
1544 920 1608 987 nisi

409 1023 497 1109 quod
517 1022 606 1102 nolo,
626 1022 679 1088 vel
694 1031 818 1088 taceam
837 1022 901 1088 nisi
916 1023 1005 1110 quod
1024 1045 1091 1088 non
1111 1033 1273 1109 opportet.
1318 1025 1350 1090 Ο
1365 1024 1470 1091 letalis
1490 1035 1524 1091 et
1544 1025 1609 1090 leto

408 1125 501 1212 pejor
515 1124 675 1190 servitusl
719 1125 838 1190 Libera
852 1125 958 1210 ligatis
972 1134 1007 1189 et
1019 1123 1187 1209 flagitiosis
1202 1134 1253 1190 est
1274 1148 1377 1207 mens,
1393 1138 1426 1193 et
1440 1150 1504 1213 quo
1520 1127 1609 1213 cupit

407 1228 576 1293 indefensa
589 1227 819 1307 transferctnr3
840 1227 931 1308 mihi,
946 1227 1035 1312 quod
1050 1229 1294 1295 damnatissimo
1313 1231 1437 1296 nemini
1462 1231 1608 1316 contigit,

409 1331 528 1417 ligatus
543 1339 595 1396 est
617 1331 757 1410 animus,
780 1339 815 1396 et
837 1340 889 1396 est
910 1331 1074 1396 infrunitae
1097 1332 1197 1397 fronti
1221 1333 1316 1398 datus
1337 1333 1454 1399 hostia.
1499 1334 1608 1413 Miles,

410 1435 535 1500 dudum
550 1433 681 1519 quidem
695 1434 789 1498 miles
805 1456 893 1499 nunc
908 1443 1104 1515 monstrum,
1118 1436 1259 1500 militum
1269 1446 1303 1502 et
1316 1437 1456 1502 foeminoe
1467 1436 1608 1516 victima,

410 1538 521 1603 nescio
535 1536 614 1622 quid
628 1546 803 1623 purgatura
827 1536 968 1602 delicti.''
1012 1536 1165 1603 conticet
1189 1549 1224 1604 et
1243 1539 1333 1605 exilit
1356 1563 1376 1604 a
1395 1561 1526 1620 mensa3
1549 1561 1608 1604 nee

412 1640 514 1718 solus,
543 1660 618 1702 nam
647 1639 832 1724 principum
857 1637 989 1723 plurimi
1021 1638 1181 1725 regiaeque
1209 1640 1338 1706 familis
1366 1641 1483 1707 cohors
1509 1641 1609 1706 electa

412 1742 559 1808 dolentes
574 1761 649 1805 eum
663 1741 861 1806 conducunt.
904 1741 951 1806 At
964 1741 1074 1826 regina
1083 1742 1153 1826 jam
1168 1743 1292 1808 dudum
1307 1746 1396 1829 gravi
1410 1744 1518 1810 saucia
1534 1766 1610 1810 cura

412 1845 541 1911 dolores
564 1844 657 1908 addit
682 1843 858 1922 doloribus,
882 1865 994 1910 eorum
1017 1855 1096 1930 post
1119 1855 1209 1931 terga
1228 1846 1419 1928 vociferans,
1445 1849 1531 1914 “Ex
1554 1869 1608 1914 ore

415 1947 551 2014 Gelonis
571 1945 755 2012 audivimus
777 1946 896 2012 indicia
922 1969 989 2013 suaa
1008 1947 1204 2028 timiditatis,
1225 1950 1406 2015 certissima
1424 1951 1512 2036 quod
1536 1973 1609 2032 cum

411 2053 539 2139 gigante
553 2069 621 2114 non
636 2049 698 2113 erit
711 2049 742 2112 ei
756 2070 958 2133 congressus.
1002 2050 1067 2115 Har
1078 2061 1156 2116 sunt
1168 2053 1280 2118 laudes
1292 2054 1447 2139 emptitioe
1457 2053 1609 2119 conducti

411 2151 500 2238 vulgi
514 2150 633 2237 quibus
649 2150 848 2216 extollebant
867 2151 909 2216 ed
930 2161 1016 2216 astra
1039 2150 1199 2219 Gelonem
1209 2179 1220 2234 3
1246 2154 1297 2220 hee
1317 2163 1395 2220 sunt
1415 2156 1607 2220 assertiones

412 2254 478 2322 oris
490 2253 622 2340 proprii,
630 2253 856 2339 jactantiaeque
865 2253 1023 2340 superbie.
1050 2252 1224 2339 (ligantem
1234 2277 1309 2321 eum
1321 2256 1400 2321 dicit
1407 2281 1418 2335 3
1442 2256 1608 2324 Outinam

412 2377 501 2422 nuno
527 2356 750 2434 demandetur,
771 2364 810 2419 ut
824 2355 990 2420 videamus
1014 2355 1042 2420 si
1055 2355 1143 2440 gigas
1166 2357 1234 2422 cst!
1280 2359 1468 2425 certissime
1491 2361 1610 2426 scimus

413 2479 528 2526 ornnes
543 2457 604 2522 sub
620 2458 763 2523 Hercule
781 2457 958 2542 deperiisse
971 2457 1127 2542 gigantes.
1151 2458 1233 2524 Hac
1248 2469 1299 2524 est
1312 2461 1453 2526 hominis
1467 2463 1610 2528 exterriti

412 2583 478 2628 vox
503 2569 537 2626 et
562 2559 691 2639 devicti,
713 2559 860 2645 castigati
879 2559 1002 2624 duriter
1020 2569 1055 2624 et
1074 2561 1207 2647 stupidi.
1251 2561 1336 2627 Sane
1351 2564 1429 2628 satis
1451 2565 1541 2650 gigas
1560 2575 1609 2632 est

412 2662 468 2749 qui
482 2660 629 2746 quolibet
641 2659 807 2726 elatiorem
821 2659 950 2746 gigante
969 2684 1092 2726 nanum
1115 2663 1182 2727 ictu
1201 2664 1279 2728 fecit
1298 2665 1405 2731 unico.
1448 2667 1526 2734 Jam
1544 2670 1608 2736 telo

414 2787 475 2830 suo
495 2762 553 2827 Dii
571 2762 709 2826 timeant
733 2770 866 2846 totaque
891 2771 1026 2826 caveant
1045 2764 1226 2847 sedulitate,
1248 2788 1291 2831 ne
1315 2769 1450 2834 redivivi
1468 2771 1609 2858 Tytanes

412 2867 460 2932 eis
474 2885 599 2949 ungues
613 2862 762 2948 injiciant
776 2861 838 2927 sub
853 2863 1026 2944 multifero,
1041 2867 1161 2931 sudent
1171 2867 1325 2955 Steropes
1339 2881 1374 2936 et
1389 2873 1559 2958 Pirugmon
1573 2883 1611 2939 ut

413 2971 448 3034 in
464 2965 624 3032 montium
645 2966 792 3030 cumulos
812 2986 878 3029 non
895 2965 938 3030 sit
950 2967 1094 3048 inermis,
1108 2968 1240 3056 Jupiter
1250 2984 1395 3039 assumet
1413 2975 1511 3040 etiam
1525 2978 1611 3045 idem

413 3073 486 3158 ipse
509 3068 656 3147 fulmina,
682 3068 774 3132 Mars
798 3068 967 3152 cassidem,
1002 3072 1125 3156 spicula
1150 3074 1305 3156 Phoebus,
1334 3078 1439 3143 Pallas
1465 3081 1611 3166 aegidem,

413 3173 523 3240 Diana
535 3172 702 3256 pharetras
711 3195 722 3251 3
751 3181 808 3237 aut
823 3172 851 3236 si
866 3175 948 3240 tanti
963 3173 1030 3238 sint
1042 3175 1187 3261 gigantes
1209 3189 1348 3263 quantos
1367 3180 1429 3246 iste
1449 3181 1610 3262 describit,

414 3283 520 3344 struat
540 3273 626 3339 inter
639 3274 790 3340 adversas
805 3274 890 3340 acies
907 3275 1070 3362 praestigia
1092 3277 1232 3361 Stilbon,
1251 3292 1290 3347 ut
1309 3285 1498 3349 reverentie
1511 3287 1611 3371 patris

412 3378 543 3446 obviam
558 3377 699 3442 referant
711 3377 949 3463 inaequalitatis.
994 3380 1119 3446 indixit
1133 3382 1243 3466 praelia
1263 3384 1368 3450 Gelos
1394 3388 1510 3472 gaude,
1525 3388 1614 3468 Sodi,

414 3480 470 3569 qui
485 3479 587 3558 doles,
602 3487 636 3544 et
649 3479 869 3544 innocentiam
884 3488 975 3544 tuam
990 3481 1032 3546 ab
1045 3482 1169 3548 invidis
1182 3485 1302 3552 laeteris
1316 3487 1430 3573 eripi.’'

459 3583 513 3648 Sic
526 3582 590 3646 hiis
605 3590 639 3647 et
652 3582 723 3648 aliis
739 3581 824 3648 Galo
839 3584 1020 3648 conductus
1037 3608 1056 3648 a
1069 3587 1180 3672 regina
1194 3589 1354 3666 convitiis,
1370 3591 1533 3677 egreditur
1546 3601 1612 3658 tam

414 3685 544 3752 silentio
555 3685 633 3750 rixoe
647 3684 753 3750 victor
767 3707 863 3770 quam
878 3684 1121 3771 longanimitate
1136 3690 1352 3778 triumphator
1361 3693 1505 3759 incestus
1517 3719 1527 3775 ς
1545 3696 1614 3780 jam

413 3787 487 3874 ipso
497 3787 626 3873 longius
638 3809 657 3851 a
668 3786 797 3853 civitate
808 3798 934 3874 agente,
948 3791 1084 3855 reversis
1096 3791 1176 3873 aliis,
1185 3793 1303 3860 Sadius
1314 3817 1390 3860 eum
1404 3799 1488 3861 veris
1504 3805 1615 3864 exorat

413 3889 566 3970 lacrimis,
592 3899 627 3955 et
649 3890 705 3972 ait,
731 3889 837 3956 “Scio
856 3901 963 3956 totum
990 3893 1101 3960 orbem
1121 3904 1187 3960 tute
1209 3899 1470 3984 concupiscentia
1492 3899 1615 3964 militiae

414 4002 607 4057 veneranter
625 3994 748 4073 ardere,
761 4003 859 4080 teque
874 4006 1060 4062 manentem
1075 3998 1108 4062 in
1123 4021 1235 4085 regum
1258 4003 1425 4068 desideriis
1445 4011 1479 4067 et
1497 4001 1618 4089 prinei·

413 4114 513 4179 pum3
540 4094 598 4160 sed
612 4104 645 4162 te
660 4096 740 4162 mihi
755 4106 871 4163 cuneta
891 4097 1007 4165 debere
1019 4121 1122 4166 nemo
1144 4102 1285 4188 negabit,
1308 4105 1401 4190 cujus
1423 4106 1564 4172 animam
1579 4105 1615 4170 in
