3608 4862
362 505 422 578 146
814 535 1001 580 oonnrnnr
1019 535 1141 581 nnrna
1363 534 1483 598 [nume.
1497 536 1543 586 ιι.

358 701 446 787 eripe
465 709 498 765 te
515 701 593 766 dum
609 701 716 768 adhuc
731 711 808 767 sunt
822 703 1003 790 ruptibiles,
1018 725 1060 769 ne
1076 701 1208 768 claudus
1224 701 1278 765 ille
1293 699 1384 766 faber
1398 711 1433 767 et
1444 705 1562 789 turpis,

358 827 455 891 quem
470 828 530 870 nec
545 807 625 871 deus
641 807 790 892 dignatus
806 817 857 873 est
876 830 989 872 mensa
1000 807 1060 872 dea
1071 829 1130 872 neo
1142 805 1272 891 dignata
1287 805 1416 885 subiit*
1437 817 1470 871 te
1491 829 1559 873 sure

358 909 478 974 Veneri
494 933 583 976 more
595 932 655 976 suo
671 921 871 990 concatenet,
883 923 917 977 et
931 923 965 977 te
977 912 1026 976 sui
1043 911 1192 988 similem,
1204 919 1332 995 turpem
1348 918 1382 975 et
1396 911 1560 990 claudum,

357 1013 411 1076 vel
426 1011 513 1097 quod
533 1013 635 1099 magis
657 1024 767 1080 metuo
783 1015 960 1101 loripedem
984 1014 1089 1092 faciat,
1101 1022 1134 1078 et
1148 1034 1215 1077 non
1230 1013 1338 1096 possis
1354 1012 1441 1099 quod
1459 1014 1562 1080 salvat

358 1115 469 1180 fissam
484 1116 602 1181 habere
623 1118 787 1202 ungulam,
805 1119 862 1182 sed
877 1119 1023 1203 alligatus
1043 1117 1174 1195 Veneri,
1190 1117 1283 1180 dolor
1305 1116 1365 1181 fies
1387 1127 1422 1183 et
1442 1118 1559 1183 derisio

358 1219 550 1300 videntium,
562 1221 640 1284 dum
655 1221 715 1286 tibi
730 1221 932 1307 applaudunt
943 1220 1030 1298 caeci,
1040 1231 1073 1285 et
1084 1219 1231 1284 videntes
1242 1219 1416 1287 minantur.
1439 1223 1560 1288 Alulso

360 1323 493 1389 dearum
520 1325 630 1410 judice
660 1325 831 1411 reprobata
853 1334 904 1390 est
930 1324 1046 1404 Palles,
1073 1324 1148 1410 quia
1173 1324 1331 1388 delectere
1351 1347 1419 1390 non
1439 1326 1561 1411 promi-

360 1427 404 1491 sit
419 1429 476 1492 sed
491 1429 654 1513 prodesse.
698 1428 823 1509 Amice,
838 1429 997 1514 numquid
1018 1439 1052 1493 et
1073 1435 1111 1492 tu
1135 1425 1181 1491 sic
1203 1428 1355 1512 judicas?
1400 1429 1504 1495 Video
1526 1439 1560 1495 te
1677 1508 1686 1522 .

357 1529 425 1615 jam
440 1530 617 1595 fastidienti
637 1531 746 1596 animo
769 1541 839 1596 tota
863 1530 1025 1597 celeritate
1047 1551 1230 1615 percurrere
1246 1552 1318 1615 quae
1331 1530 1424 1617 legis,
1439 1540 1472 1597 et
1487 1554 1561 1597 sen·

360 1634 479 1698 tentiae
495 1657 561 1699 non
577 1637 753 1716 attendere,
763 1637 821 1701 sed
839 1645 1007 1721 expectare
1029 1634 1204 1699 schemata.
1249 1635 1383 1700 Frustra
1398 1647 1560 1721 expectas,

360 1736 439 1801 dum
454 1737 507 1802 hic
518 1738 667 1803 turbidus
682 1738 787 1803 amnis
803 1737 956 1815 defluat,†
974 1745 1031 1800 aut
1043 1735 1121 1799 dum
1132 1735 1202 1800 haec
1213 1735 1395 1802 feculentia
1407 1739 1560 1804 secedens

359 1861 440 1924 pura
456 1841 517 1905 sibi
539 1841 661 1906 fluente
676 1841 839 1926 subroget.
885 1838 1013 1904 Similes
1031 1838 1118 1903 enim
1140 1838 1192 1903 sui
1212 1837 1312 1903 fontis
1336 1851 1467 1926 oportet
1488 1863 1560 1907 esse

360 1943 493 2023 rivulos,
509 1944 656 2010 turbidos
671 1955 728 2009 aut
739 1945 852 2008 claros.

404 2046 458 2112 Sic
473 2047 667 2134 imperitiam
679 2048 785 2113 cordis
794 2047 859 2111 mei
869 2045 985 2110 vitium
1001 2045 1155 2110 orationis
1171 2045 1333 2132 exprimit,
1349 2057 1383 2112 et
1400 2057 1563 2114 strumoso

359 2149 538 2216 dictionum
553 2151 720 2236 imparitas
733 2150 905 2216 delicatum
921 2149 1058 2214 offendit
1081 2148 1235 2214 animum.
1281 2150 1391 2236 Hujus
1417 2151 1561 2216 imbecil-

359 2253 459 2319 litatis
474 2253 555 2319 mihi
569 2253 730 2332 conscius,
746 2255 953 2319 divertissem
968 2274 1020 2317 me
1036 2275 1055 2317 a
1070 2253 1288 2319 dissuadendo
1302 2254 1450 2321 libenter.
1495 2256 1562 2321 Sed

358 2359 434 2444 quie
463 2367 568 2422 tacere
597 2381 664 2423 non
694 2357 799 2445 potui,
826 2357 955 2422 locutus
986 2379 1059 2421 sum
1084 2366 1123 2420 ut
1144 2356 1247 2442 potui.
1305 2357 1405 2424 Quod
1429 2359 1456 2423 si
1480 2359 1560 2424 mihi

358 2471 446 2526 essct
461 2471 551 2526 tanta
563 2461 639 2548 styli
651 2461 766 2540 virtus,
778 2472 919 2546 quantus
931 2469 981 2525 est
996 2460 1156 2525 scribendi
1171 2459 1308 2536 animus,
1322 2471 1388 2526 tam
1405 2463 1563 2547 elegantia

358 2564 418 2630 tibi
441 2565 539 2631 verba
561 2565 814 2630 transmitterem
835 2575 869 2629 et
890 2574 957 2628 tam
979 2563 1081 2629 nobili
1103 2564 1251 2627 maritata
1266 2565 1428 2650 conjugio,
1443 2575 1481 2629 ut
1495 2565 1562 2630 sin-

359 2668 434 2753 gula
460 2691 606 2733 seorsum
632 2679 666 2733 et
691 2668 787 2732 simul
813 2667 922 2732 omnia
949 2689 1044 2731 suum
1070 2665 1259 2731 viderentur
1283 2676 1448 2732 auctorem
1462 2667 1562 2732 bene-

359 2771 475 2835 dicere.
506 2771 571 2835 Sed
586 2770 660 2856 quia
676 2770 755 2834 mihi
770 2769 878 2835 omnia
896 2768 994 2833 debes
1010 2789 1209 2854 quaecunque
1223 2769 1332 2832 nudus
1347 2769 1453 2835 adhuc
1464 2779 1498 2835 et
1510 2770 1562 2835 in-

359 2872 530 2936 foecundus
554 2894 654 2951 amor,
681 2895 722 2937 ne
749 2873 821 2936 dico
848 2870 977 2950 sterilis,
995 2873 1170 2956 promereri
1195 2879 1306 2956 potest
1331 2893 1372 2935 ex
1397 2873 1562 2955 omnibns,

359 2975 440 3040 mihi
456 2997 564 3040 aurern
580 2975 740 3061 patienter
754 2974 862 3061 prsebe
878 2973 1019 3053 interim,
1034 2975 1113 3037 dum
1134 2974 1280 3040 evolvam
1296 2975 1383 3060 quod
1405 2976 1561 3062 implicui,

362 3087 396 3142 et
411 3100 430 3141 a
444 3101 496 3142 me
511 3099 576 3142 non
593 3078 735 3163 requiras
751 3077 976 3164 purpurissum
997 3077 1132 3140 oratoris
1149 3087 1205 3141 aut
1219 3099 1392 3158 cerussam,
1413 3101 1485 3165 quae
1508 3103 1562 3147 me

360 3179 484 3247 nescire
499 3183 602 3247 fateor
616 3191 649 3247 et
663 3181 737 3261 fleo,
754 3182 811 3246 sed
827 3180 996 3246 scribentis
1008 3191 1122 3244 votum
1138 3189 1172 3244 et
1186 3181 1311 3266 paginae
1325 3183 1493 3248 veritatem
1508 3206 1562 3250 ac·

361 3295 464 3370 cepta.
509 3285 619 3350 Julius
636 3285 756 3364 Caesar,
780 3284 873 3370 cujus
895 3281 1102 3368 amplitudini
1116 3293 1223 3346 arctus
1240 3283 1302 3347 fuit
1316 3283 1416 3361 orbis,
1432 3285 1483 3351 die
1498 3309 1563 3372 qua

362 3389 471 3454 nobile
489 3388 581 3452 filum
596 3387 699 3473 ipsius
715 3411 793 3452 ausa
813 3397 864 3452 est
879 3407 989 3451 occare
1004 3386 1094 3465 ferat
1110 3385 1208 3448 nimis
1223 3386 1378 3470 Atropos,
1389 3387 1563 3476 Tongilio§

360 3492 475 3556 humili
490 3491 620 3577 quidem
637 3492 693 3557 sed
709 3491 830 3571 divino,
840 3489 915 3575 qnia
930 3488 1032 3574 stylos
1047 3487 1256 3573 praedocenti,
1271 3511 1380 3554 aurem
1396 3491 1563 3558 humiliter

360 3594 527 3660 inclinavit
541 3595 574 3660 in
589 3596 692 3662 valvis
702 3597 715 3678 ΙΙ
740 3593 904 3680 Capitolii.
948 3593 1048 3660 Quod
1063 3592 1091 3656 si
1106 3600 1140 3656 et
1154 3591 1309 3672 animum,
1324 3615 1438 3678 poenas
1453 3595 1482 3659 ei
1505 3595 1564 3660 de·

362 3695 488 3761 dissent
502 3696 620 3783 quibus
641 3697 769 3782 etipse,
786 3706 821 3760 tu
837 3695 935 3760 modo
956 3693 1036 3759 mihi
1057 3693 1216 3780 stylorum
1230 3702 1362 3758 tuorum
1376 3699 1563 3780 praenuntio

394 3866 410 3900 *
422 3867 510 3930 virgil.
529 3867 614 3931 Eclog.
626 3866 660 3916 iv.
673 3867 714 3916 63.
1013 3869 1025 3925 5
1042 3865 1094 3914 The
1106 3869 1158 3913 text
1166 3863 1264 3927 printed
1272 3863 1297 3912 in
1307 3863 1343 3916 st.
1351 3865 1565 3918 Jerome’ssorks

395 3953 414 4006 †
431 3950 494 3998 llor.
508 3951 589 4014 Epist.
598 3950 621 3999 1.
631 3951 657 3998 ii.
670 3949 686 3997 l.
697 3951 738 4004 ⁴2.
752 3953 769 3978 “
780 3949 895 3998 Rusticus
902 3964 945 3998 ex·
980 3947 1049 3997 reads
1063 3948 1180 4011 millio.

363 4035 445 4094 pectet
457 4030 514 4078 dum
526 4031 616 4078 defluat
627 4029 737 4078 amnis.”
1014 4033 1024 4088 ΙΙ
1045 4032 1135 4088 limine.
1149 4031 1207 4082 MS.
1221 4033 1314 4082 Aruud.

398 4113 412 4172 ι
429 4126 499 4170 roro,
511 4111 569 4161 MS.
583 4111 660 4161 llum.
