3610 4852
234 543 348 607 eran]
595 543 641 586 os
666 543 776 588 nucis
801 541 1025 588 cunrsnruu.
1345 519 1408 590 197

203 695 362 778 usquead
378 704 528 759 mortem.
575 693 657 758 Hoec
680 705 731 758 est
753 694 872 759 nobilis
897 703 931 760 et
956 691 1095 758 studiosi
1117 689 1179 754 viri
1202 688 1409 774 triumphalis

204 797 368 875 instantia,
384 817 482 880 quern
497 819 516 860 a
531 795 641 860 studio
663 817 730 860 non
753 796 918 860 deterrent
943 793 1044 858 tussis
1070 802 1126 856 aut
1152 790 1234 869 tisis,
1248 801 1315 872 aut
1340 791 1410 854 aliae

204 899 442 984 qualescunque
454 899 699 984 inaequalitates,
716 899 899 984 angustiato
915 897 1042 981 corpori
1058 893 1276 960 sollicitudine
1286 903 1409 977 marty-

205 1001 287 1066 rium
314 1001 452 1066 asciscit.
498 1002 584 1066 Nam
611 1001 759 1066 consulte
786 1000 960 1064 arbitratur
984 999 1144 1085 gloriosus
1160 996 1325 1060 effundere
1340 995 1408 1059 ani-

204 1123 291 1166 mam
321 1104 394 1167 Deo
424 1103 495 1166 luce
522 1101 685 1186 sapientie
707 1101 893 1187 pretiosam,
920 1123 1017 1186 quam
1044 1100 1106 1165 sibi
1138 1121 1211 1164 eam
1237 1099 1408 1164 confovere

205 1205 327 1270 desidia
342 1215 376 1270 et
387 1205 455 1271 otio
467 1205 655 1290 saginatam.
701 1205 755 1270 Sic
771 1215 842 1270 esto
857 1206 961 1270 usula.

609 1415 659 1478 De
671 1414 857 1496 Apollonide
870 1433 953 1496 repe.
983 1412 1016 1476 ii.

248 1601 461 1687 Apollonides
497 1623 554 1667 rex
586 1602 621 1666 in
650 1600 798 1686 partibus
830 1601 1008 1666 occidentis
1038 1623 1112 1665 cum
1142 1600 1269 1664 infinita
1295 1601 1404 1684 proeda

208 1705 353 1791 spoliatis
364 1705 552 1790 repatriavit
566 1703 725 1770 hostibus.
771 1703 888 1768 Obiter
903 1705 1061 1768 sacerdoti
1076 1713 1153 1789 post
1164 1725 1238 1770 eum
1254 1704 1406 1769 clamanti

206 1807 293 1892 quod
308 1829 361 1871 xx.
377 1807 418 1870 de
439 1807 506 1870 suis
521 1804 714 1870 animalibus
727 1827 835 1870 secum
851 1805 884 1868 in
900 1806 1009 1891 praeda
1024 1806 1166 1885 duceret,
1176 1817 1309 1891 eccepto
1317 1808 1405 1891 jura-

207 1917 328 1986 mento,
342 1907 398 1986 ait,
414 1907 536 1972 “Tolle
562 1929 634 1991 quaa
661 1915 717 1970 tua
743 1916 831 1984 sunt,
852 1916 886 1970 et
908 1906 976 1970 redi
999 1929 1073 1970 cum
1099 1907 1212 1991 pace.''
1257 1907 1405 1992 Cumque

206 2012 355 2076 sacerdos
375 2010 499 2096 optima
513 2031 553 2074 ex
569 2009 659 2074 omni
681 2018 827 2074 armento
849 2008 991 2092 eligeret,
1017 2009 1091 2092 plus
1112 2008 1245 2073 utilitati
1270 2011 1406 2076 studens

206 2136 301 2198 quam
317 2111 455 2191 veritati,
472 2113 528 2177 sed
544 2113 697 2197 ignorans
713 2111 926 2196 Apollonides
941 2112 1019 2197 quid
1034 2121 1192 2196 ageretur,
1203 2110 1245 2175 ob
1257 2133 1406 2178 reveren-

205 2217 284 2282 tiam
300 2215 350 2280 sui
373 2215 472 2294 siluit,
492 2225 526 2280 et
551 2215 629 2278 dum
645 2215 751 2278 adhuc
765 2213 964 2278 admirantur
982 2235 1056 2279 ecce
1078 2214 1178 2278 currit
1198 2215 1346 2279 sacerdos
1370 2225 1405 2280 et

207 2319 267 2384 alia
282 2340 336 2382 xx.
352 2317 449 2382 simili
464 2317 562 2383 modo
575 2327 609 2382 et
619 2317 724 2402 petiit,
737 2327 770 2380 et
783 2318 932 2402 perjurus
948 2325 986 2380 ut
999 2317 1088 2402 prior
1102 2316 1241 2396 reduxit,
1250 2339 1324 2402 rege
1339 2340 1407 2383 non

206 2422 396 2508 objurgante
405 2422 481 2486 licet
491 2422 628 2500 offenso,
638 2442 776 2505 cumque
786 2421 900 2484 tertius
911 2420 1049 2499 adesset,
1065 2442 1124 2504 pro
1140 2420 1405 2486 duobustantum

205 2523 396 2590 animalibus
417 2545 451 2588 se
467 2525 508 2588 ad
519 2523 696 2608 jurandum
711 2524 863 2603 offerens,
878 2524 924 2586 ait
938 2523 984 2587 illi
999 2545 1066 2603 rex,
1078 2529 1101 2563 ‘⁶
1111 2524 1193 2589 Jura
1217 2545 1278 2610 pro
1298 2546 1353 2587 xx.
1368 2536 1406 2589 ut

205 2629 251 2693 illi
261 2629 316 2714 qui
326 2649 413 2691 nunc
424 2625 682 2691 abscesserunt.''
698 2629 744 2691 At
755 2627 820 2706 ille,
832 2627 1013 2706 “Domine,
1023 2648 1090 2691 non
1106 2626 1289 2711 pejerabo.''
1311 2629 1406 2692 Tunc

206 2753 262 2796 rex
284 2729 382 2793 fidem
405 2729 508 2812 ipsius
523 2749 726 2793 remunerare
741 2729 886 2813 cupiens,
902 2728 1027 2792 addidit
1041 2728 1088 2791 illi
1102 2749 1177 2792 cum
1193 2726 1320 2792 duobus
1337 2730 1404 2794 suis

206 2843 337 2899 centum
352 2832 423 2910 alia,
435 2832 557 2909 dicens,
574 2831 745 2916 “Dignior
759 2841 811 2895 est
824 2831 886 2895 iste
902 2831 981 2894 meis
1003 2830 1207 2911 animalibus,
1223 2831 1279 2917 qui
1301 2832 1407 2898 voluit

206 2935 317 3001 multis
333 2956 439 2999 carere
454 2956 495 2998 ne
510 2935 679 3018 pejeraret,
691 2956 788 3020 quam
803 2933 850 2997 illi
866 2934 933 2997 suis
949 2934 1004 3018 qui
1019 2934 1192 2999 voluerunt
1207 2935 1349 3020 pejerare
1364 2957 1406 3000 ne

205 3036 382 3104 carerent.'’
427 3038 502 3102 Hoc
524 3037 641 3102 Hercle
664 3036 787 3100 dictum
808 3045 841 3100 et
860 3036 983 3101 factum
999 3037 1084 3122 stylo
1111 3037 1244 3121 dignum
1266 3039 1405 3104 Homeri

205 3164 333 3220 censeo,
344 3151 378 3207 et
393 3163 446 3206 me
461 3150 528 3205 tam
543 3140 680 3224 eleganti
701 3139 835 3204 materia
847 3139 1029 3224 indignum.
1076 3140 1142 3204 Hic
1155 3141 1241 3205 idem
1258 3163 1316 3206 rex
1330 3165 1406 3207 cum

205 3246 349 3310 audisset
370 3267 508 3330 regnum
535 3266 630 3308 suum
651 3243 691 3306 ab
716 3243 841 3306 advena
865 3264 939 3327 rege
965 3242 1149 3326 inquietari,
1163 3244 1272 3307 missis
1296 3246 1408 3329 explo-

205 3348 366 3414 ratoribus
389 3347 522 3412 edidicit
547 3346 633 3432 quod
657 3368 714 3411 rex
736 3346 789 3408 ille
805 3345 1033 3410 delicatissime
1047 3346 1171 3410 viveret
1185 3346 1219 3409 in
1240 3346 1319 3410 cibis
1334 3369 1407 3432 pre-

206 3452 310 3530 tiosis,
325 3461 359 3516 et
374 3452 461 3536 quod
486 3450 521 3514 in
543 3458 614 3513 toto
635 3449 779 3513 exercitu
802 3470 861 3512 suo
885 3458 1004 3533 prater
1024 3447 1135 3510 vinum
1151 3448 1234 3511 nibil
1248 3447 1408 3530 biberent,

204 3577 279 3620 cum
295 3553 380 3618 sitin
390 3553 537 3638 partibus
552 3551 615 3616 illis
631 3551 744 3615 vinum
759 3550 969 3614 rarissimum.
1014 3549 1198 3614 Attendens
1208 3549 1307 3635 igitur
1318 3553 1405 3636 quod

205 3656 268 3721 sibi
290 3665 325 3721 et
347 3657 437 3739 genti
462 3677 529 3720 sum
551 3677 634 3739 aqua
656 3654 828 3732 sufficeret,
851 3653 906 3732 ait,
930 3653 1151 3717 “lnauditum
1178 3663 1228 3717 est
1253 3675 1272 3716 a
1299 3655 1407 3719 seculo

205 3759 292 3844 quod
309 3759 422 3824 vinum
444 3780 561 3842 aquam
582 3743 793 3842 superaret'i
829 3757 875 3820 Et
890 3779 964 3820 cum
979 3755 1107 3821 diutino
1123 3755 1277 3820 conflictu
1290 3757 1405 3822 vinum

205 3871 239 3927 et
263 3883 380 3946 aquam
405 3861 565 3940 biberent,
581 3861 678 3925 cessit
700 3882 791 3946 aquoe
806 3860 950 3925 victoria.
995 3859 1082 3923 Nam
1108 3859 1242 3924 advenae
1257 3859 1334 3924 vino
1362 3860 1408 3925 ibi

206 3964 375 4030 deficiente
397 3966 437 4029 ad
452 3964 564 4028 vinum
589 3964 764 4029 redierunt.
810 3964 911 4027 Hunc
926 3985 1034 4047 regem
1048 3961 1164 4027 vidiat
1186 3962 1263 4027 nori
1285 3971 1320 4027 et
1342 3965 1408 4030 odi.

205 4069 289 4134 Volo
311 4078 344 4133 et
370 4091 486 4147 amem,
498 4077 536 4132 ut
555 4068 629 4132 odia
655 4090 727 4132 mea
753 4067 907 4132 virtutem
927 4063 1030 4152 ipsius
1057 4065 1237 4151 denigrent,
1253 4089 1313 4131 nec
1329 4069 1409 4132 mihi
