<?xml version="1.0" encoding="UTF-8"?>
<!DOCTYPE html PUBLIC "-//W3C//DTD XHTML 1.0 Transitional//EN"
    "http://www.w3.org/TR/xhtml1/DTD/xhtml1-transitional.dtd">
<html xmlns="http://www.w3.org/1999/xhtml" xml:lang="en" lang="en">
 <head>
  <title>
</title>
<meta http-equiv="Content-Type" content="text/html;charset=utf-8" />
  <meta name='ocr-system' content='tesseract 3.04.00' />
  <meta name='ocr-capabilities' content='ocr_page ocr_carea ocr_par ocr_line ocrx_word'/>
</head>
<body>
  <div class='ocr_page' id='page_1' title='image "./gualterimapesde00mapgoog/gualterimapesde00mapgoog_0098.png"; bbox 0 0 3608 4862; ppageno 0'>
   <div class='ocr_carea' id='block_1_1' title="bbox 249 519 1437 604">
    <p class='ocr_par' dir='ltr' id='par_1_1' title="bbox 249 519 1437 604">
     <span class='ocr_line' id='line_1_1' title="bbox 249 519 1437 604; baseline -0.002 -20"><span class='ocrx_word' id='word_1_1' title='bbox 249 533 459 604; x_wconf 61' lang='lat' dir='ltr'>⁶‹apua-ra]</span> <span class='ocrx_word' id='word_1_2' title='bbox 615 535 663 582; x_wconf 83' lang='lat' dir='ltr'>nr</span> <span class='ocrx_word' id='word_1_3' title='bbox 680 535 792 582; x_wconf 74' lang='lat' dir='ltr'>auara</span> <span class='ocrx_word' id='word_1_4' title='bbox 809 537 1034 586; x_wconf 76' lang='lat' dir='ltr'>cunranrurr.</span> <span class='ocrx_word' id='word_1_5' title='bbox 1397 519 1437 592; x_wconf 77' lang='lat'>76</span> 
     </span>
    </p>
   </div>
   <div class='ocr_carea' id='block_1_2' title="bbox 231 685 1436 1075">
    <p class='ocr_par' dir='ltr' id='par_1_2' title="bbox 231 685 1436 1075">
     <span class='ocr_line' id='line_1_2' title="bbox 231 685 1435 782; baseline 0.002 -32"><span class='ocrx_word' id='word_1_6' title='bbox 231 685 287 764; x_wconf 88' lang='lat' dir='ltr'>tia,</span> <span class='ocrx_word' id='word_1_7' title='bbox 307 685 558 772; x_wconf 86' lang='lat' dir='ltr'>absolutumque</span> <span class='ocrx_word' id='word_1_8' title='bbox 581 688 762 782; x_wconf 80' lang='lat' dir='ltr'>suspiciens</span> <span class='ocrx_word' id='word_1_9' title='bbox 786 689 935 756; x_wconf 84' lang='lat' dir='ltr'>ducebat.</span> <span class='ocrx_word' id='word_1_10' title='bbox 981 688 1196 758; x_wconf 71' lang='lat' dir='ltr'>cantantibus</span> <span class='ocrx_word' id='word_1_11' title='bbox 1220 697 1329 753; x_wconf 87' lang='lat' dir='ltr'>autem</span> <span class='ocrx_word' id='word_1_12' title='bbox 1353 687 1435 768; x_wconf 89' lang='lat' dir='ltr'>aliis,</span> 
     </span>
     <span class='ocr_line' id='line_1_3' title="bbox 231 787 1436 877; baseline 0.003 -25"><span class='ocrx_word' id='word_1_13' title='bbox 231 787 332 854; x_wconf 86' lang='lat' dir='ltr'>flebat</span> <span class='ocrx_word' id='word_1_14' title='bbox 346 789 472 856; x_wconf 77' lang='lat' dir='ltr'>occulte</span> <span class='ocrx_word' id='word_1_15' title='bbox 496 791 613 856; x_wconf 87' lang='lat' dir='ltr'>Lucas.</span> <span class='ocrx_word' id='word_1_16' title='bbox 657 791 721 857; x_wconf 87' lang='lat' dir='ltr'>Cui</span> <span class='ocrx_word' id='word_1_17' title='bbox 744 815 811 874; x_wconf 83' lang='lat' dir='ltr'>rex,</span> <span class='ocrx_word' id='word_1_18' title='bbox 827 793 938 860; x_wconf 76' lang='lat' dir='ltr'>“Quid</span> <span class='ocrx_word' id='word_1_19' title='bbox 963 803 1024 876; x_wconf 85' lang='lat' dir='ltr'>est,</span> <span class='ocrx_word' id='word_1_20' title='bbox 1038 793 1208 858; x_wconf 87' lang='lat' dir='ltr'>karissime</span> <span class='ocrx_word' id='word_1_21' title='bbox 1228 801 1332 877; x_wconf 89' lang='lat' dir='ltr'>pater,</span> <span class='ocrx_word' id='word_1_22' title='bbox 1347 791 1436 877; x_wconf 89' lang='lat' dir='ltr'>quod</span> 
     </span>
     <span class='ocr_line' id='line_1_4' title="bbox 231 891 1436 981; baseline 0.002 -24"><span class='ocrx_word' id='word_1_23' title='bbox 231 891 317 957; x_wconf 86' lang='lat' dir='ltr'>inter</span> <span class='ocrx_word' id='word_1_24' title='bbox 341 903 393 958; x_wconf 91' lang='lat' dir='ltr'>tot</span> <span class='ocrx_word' id='word_1_25' title='bbox 410 894 527 979; x_wconf 85' lang='lat' dir='ltr'>gaudia</span> <span class='ocrx_word' id='word_1_26' title='bbox 540 893 617 960; x_wconf 85' lang='lat' dir='ltr'>flere</span> <span class='ocrx_word' id='word_1_27' title='bbox 642 894 775 961; x_wconf 84' lang='lat' dir='ltr'>libet?&#39;&#39;</span> <span class='ocrx_word' id='word_1_28' title='bbox 818 897 905 962; x_wconf 83' lang='lat' dir='ltr'>Tum</span> <span class='ocrx_word' id='word_1_29' title='bbox 919 897 1038 978; x_wconf 81' lang='lat' dir='ltr'>Lucas,</span> <span class='ocrx_word' id='word_1_30' title='bbox 1061 901 1083 935; x_wconf 91' lang='lat'><strong>“</strong></span> <span class='ocrx_word' id='word_1_31' title='bbox 1101 897 1253 963; x_wconf 89' lang='lat' dir='ltr'>Gaudere</span> <span class='ocrx_word' id='word_1_32' title='bbox 1268 917 1335 962; x_wconf 92' lang='lat' dir='ltr'>non</span> <span class='ocrx_word' id='word_1_33' title='bbox 1359 917 1436 981; x_wconf 89' lang='lat' dir='ltr'>pos-</span> 
     </span>
     <span class='ocr_line' id='line_1_5' title="bbox 233 997 1436 1075; baseline 0.002 -15"><span class='ocrx_word' id='word_1_34' title='bbox 233 1017 317 1075; x_wconf 85' lang='lat' dir='ltr'>sum,</span> <span class='ocrx_word' id='word_1_35' title='bbox 332 1019 409 1062; x_wconf 88' lang='lat' dir='ltr'>nam</span> <span class='ocrx_word' id='word_1_36' title='bbox 423 1019 510 1063; x_wconf 87' lang='lat' dir='ltr'>armo</span> <span class='ocrx_word' id='word_1_37' title='bbox 524 997 673 1064; x_wconf 82' lang='lat' dir='ltr'>revoluto</span> <span class='ocrx_word' id='word_1_38' title='bbox 688 999 848 1066; x_wconf 83' lang='lat' dir='ltr'>consimili</span> <span class='ocrx_word' id='word_1_39' title='bbox 870 1000 923 1065; x_wconf 91' lang='lat' dir='ltr'>die</span> <span class='ocrx_word' id='word_1_40' title='bbox 938 1022 1013 1066; x_wconf 86' lang='lat' dir='ltr'>eum</span> <span class='ocrx_word' id='word_1_41' title='bbox 1027 1000 1175 1067; x_wconf 90' lang='lat' dir='ltr'>omnium</span> <span class='ocrx_word' id='word_1_42' title='bbox 1189 1009 1342 1065; x_wconf 87' lang='lat' dir='ltr'>nostrum</span> <span class='ocrx_word' id='word_1_43' title='bbox 1357 1020 1436 1064; x_wconf 87' lang='lat' dir='ltr'>con·</span> 
     </span>
    </p>
   </div>
   <div class='ocr_carea' id='block_1_3' title="bbox 229 1098 1437 1288">
    <p class='ocr_par' dir='ltr' id='par_1_3' title="bbox 229 1098 1437 1288">
     <span class='ocr_line' id='line_1_6' title="bbox 230 1098 1437 1190; baseline 0.005 -28"><span class='ocrx_word' id='word_1_44' title='bbox 230 1098 357 1166; x_wconf 82' lang='lat' dir='ltr'>fusione</span> <span class='ocrx_word' id='word_1_45' title='bbox 380 1110 415 1166; x_wconf 90' lang='lat' dir='ltr'>et</span> <span class='ocrx_word' id='word_1_46' title='bbox 430 1102 479 1167; x_wconf 89' lang='lat' dir='ltr'>ira</span> <span class='ocrx_word' id='word_1_47' title='bbox 500 1101 564 1166; x_wconf 91' lang='lat' dir='ltr'>hoc</span> <span class='ocrx_word' id='word_1_48' title='bbox 587 1102 703 1169; x_wconf 90' lang='lat' dir='ltr'>eodem</span> <span class='ocrx_word' id='word_1_49' title='bbox 716 1103 790 1170; x_wconf 93' lang='lat' dir='ltr'>loco</span> <span class='ocrx_word' id='word_1_50' title='bbox 805 1103 989 1190; x_wconf 83' lang='lat' dir='ltr'>suscipieris</span> <span class='ocrx_word' id='word_1_51' title='bbox 1012 1104 1193 1172; x_wconf 86' lang='lat' dir='ltr'>mortuus.”</span> <span class='ocrx_word' id='word_1_52' title='bbox 1239 1103 1285 1170; x_wconf 81' lang='lat' dir='ltr'>Et</span> <span class='ocrx_word' id='word_1_53' title='bbox 1299 1103 1346 1168; x_wconf 85' lang='lat' dir='ltr'>ita</span> <span class='ocrx_word' id='word_1_54' title='bbox 1359 1123 1437 1170; x_wconf 88' lang='lat' dir='ltr'>con-</span> 
     </span>
     <span class='ocr_line' id='line_1_7' title="bbox 229 1201 335 1288; baseline 0 0"><span class='ocrx_word' id='word_1_55' title='bbox 229 1201 335 1288; x_wconf 62' lang='lat' dir='ltr'>aaa*</span> 
     </span>
    </p>
   </div>
   <div class='ocr_carea' id='block_1_4' title="bbox 464 1413 1205 1482">
    <p class='ocr_par' dir='ltr' id='par_1_4' title="bbox 464 1413 1205 1482">
     <span class='ocr_line' id='line_1_8' title="bbox 464 1413 1205 1482; baseline 0.001 -4"><span class='ocrx_word' id='word_1_56' title='bbox 464 1414 518 1480; x_wconf 89' lang='lat' dir='ltr'>De</span> <span class='ocrx_word' id='word_1_57' title='bbox 532 1414 705 1480; x_wconf 66' lang='lat' dir='ltr'>taltorta</span> <span class='ocrx_word' id='word_1_58' title='bbox 720 1415 878 1480; x_wconf 80' lang='lat' dir='ltr'>deuotione</span> <span class='ocrx_word' id='word_1_59' title='bbox 897 1413 1093 1480; x_wconf 79' lang='lat' dir='ltr'>Wolerur&#39;am.</span> <span class='ocrx_word' id='word_1_60' title='bbox 1138 1413 1205 1482; x_wconf 81' lang='lat' dir='ltr'>viii.</span> 
     </span>
    </p>
   </div>
   <div class='ocr_carea' id='block_1_5' title="bbox 226 1565 1435 3108">
    <p class='ocr_par' dir='ltr' id='par_1_5' title="bbox 226 1565 1435 3108">
     <span class='ocr_line' id='line_1_9' title="bbox 276 1565 1435 1656; baseline -0.003 -24"><span class='ocrx_word' id='word_1_61' title='bbox 276 1567 318 1632; x_wconf 91' lang='lat' dir='ltr'>In</span> <span class='ocrx_word' id='word_1_62' title='bbox 335 1569 424 1633; x_wconf 89' lang='lat' dir='ltr'>omni</span> <span class='ocrx_word' id='word_1_63' title='bbox 438 1579 546 1654; x_wconf 79' lang='lat' dir='ltr'>gente,</span> <span class='ocrx_word' id='word_1_64' title='bbox 565 1578 604 1634; x_wconf 91' lang='lat' dir='ltr'>ut</span> <span class='ocrx_word' id='word_1_65' title='bbox 617 1569 695 1634; x_wconf 85' lang='lat' dir='ltr'>alias</span> <span class='ocrx_word' id='word_1_66' title='bbox 711 1569 838 1650; x_wconf 88' lang='lat' dir='ltr'>dicitur,</span> <span class='ocrx_word' id='word_1_67' title='bbox 853 1570 909 1656; x_wconf 95' lang='lat' dir='ltr'>qui</span> <span class='ocrx_word' id='word_1_68' title='bbox 923 1569 1019 1636; x_wconf 90' lang='lat' dir='ltr'>timet</span> <span class='ocrx_word' id='word_1_69' title='bbox 1033 1572 1143 1637; x_wconf 88' lang='lat' dir='ltr'>Deum</span> <span class='ocrx_word' id='word_1_70' title='bbox 1161 1577 1312 1656; x_wconf 81' lang='lat' dir='ltr'>acceptus</span> <span class='ocrx_word' id='word_1_71' title='bbox 1328 1575 1379 1632; x_wconf 90' lang='lat' dir='ltr'>est</span> <span class='ocrx_word' id='word_1_72' title='bbox 1393 1565 1435 1630; x_wconf 86' lang='lat' dir='ltr'>ei.</span> 
     </span>
     <span class='ocr_line' id='line_1_10' title="bbox 232 1669 1435 1740; baseline -0.001 -5"><span class='ocrx_word' id='word_1_73' title='bbox 232 1669 336 1736; x_wconf 84' lang='lat' dir='ltr'>Rarus</span> <span class='ocrx_word' id='word_1_74' title='bbox 359 1671 394 1737; x_wconf 91' lang='lat' dir='ltr'>in</span> <span class='ocrx_word' id='word_1_75' title='bbox 413 1672 622 1738; x_wconf 84' lang='lat' dir='ltr'>Walensibns</span> <span class='ocrx_word' id='word_1_76' title='bbox 645 1673 766 1737; x_wconf 87' lang='lat' dir='ltr'>nostris</span> <span class='ocrx_word' id='word_1_77' title='bbox 786 1682 837 1738; x_wconf 86' lang='lat' dir='ltr'>est</span> <span class='ocrx_word' id='word_1_78' title='bbox 858 1674 956 1739; x_wconf 92' lang='lat' dir='ltr'>timor</span> <span class='ocrx_word' id='word_1_79' title='bbox 970 1675 1107 1740; x_wconf 90' lang='lat' dir='ltr'>Domini</span> <span class='ocrx_word' id='word_1_80' title='bbox 1130 1673 1310 1740; x_wconf 88' lang='lat' dir='ltr'>secundum</span> <span class='ocrx_word' id='word_1_81' title='bbox 1331 1669 1435 1735; x_wconf 90' lang='lat' dir='ltr'>scien·</span> 
     </span>
     <span class='ocr_line' id='line_1_11' title="bbox 230 1772 1435 1862; baseline 0 -26"><span class='ocrx_word' id='word_1_82' title='bbox 230 1772 319 1840; x_wconf 88' lang='lat' dir='ltr'>tiam.</span> <span class='ocrx_word' id='word_1_83' title='bbox 365 1776 450 1842; x_wconf 85' lang='lat' dir='ltr'>Cum</span> <span class='ocrx_word' id='word_1_84' title='bbox 466 1777 599 1841; x_wconf 91' lang='lat' dir='ltr'>domino</span> <span class='ocrx_word' id='word_1_85' title='bbox 622 1776 789 1842; x_wconf 90' lang='lat' dir='ltr'>Willelmo</span> <span class='ocrx_word' id='word_1_86' title='bbox 809 1776 849 1842; x_wconf 89' lang='lat' dir='ltr'>de</span> <span class='ocrx_word' id='word_1_87' title='bbox 871 1777 1063 1862; x_wconf 86' lang='lat' dir='ltr'>B[r]eusa‚†</span> <span class='ocrx_word' id='word_1_88' title='bbox 1078 1779 1148 1844; x_wconf 83' lang='lat' dir='ltr'>viro</span> <span class='ocrx_word' id='word_1_89' title='bbox 1168 1776 1267 1844; x_wconf 87' lang='lat' dir='ltr'>armis</span> <span class='ocrx_word' id='word_1_90' title='bbox 1283 1773 1435 1842; x_wconf 83' lang='lat' dir='ltr'>eruditis·</span> 
     </span>
     <span class='ocr_line' id='line_1_12' title="bbox 231 1876 1432 1968; baseline 0.002 -29"><span class='ocrx_word' id='word_1_91' title='bbox 231 1876 325 1956; x_wconf 86' lang='lat' dir='ltr'>simo,</span> <span class='ocrx_word' id='word_1_92' title='bbox 347 1879 419 1956; x_wconf 78' lang='lat' dir='ltr'>tuit,</span> <span class='ocrx_word' id='word_1_93' title='bbox 443 1891 482 1945; x_wconf 89' lang='lat' dir='ltr'>ut</span> <span class='ocrx_word' id='word_1_94' title='bbox 495 1882 565 1967; x_wconf 92' lang='lat' dir='ltr'>ipse</span> <span class='ocrx_word' id='word_1_95' title='bbox 589 1881 669 1944; x_wconf 92' lang='lat' dir='ltr'>mihi</span> <span class='ocrx_word' id='word_1_96' title='bbox 692 1880 812 1956; x_wconf 88' lang='lat' dir='ltr'>retulit,</span> <span class='ocrx_word' id='word_1_97' title='bbox 833 1880 998 1947; x_wconf 84' lang='lat' dir='ltr'>Walensis</span> <span class='ocrx_word' id='word_1_98' title='bbox 1013 1883 1155 1968; x_wconf 84' lang='lat' dir='ltr'>quidam,</span> <span class='ocrx_word' id='word_1_99' title='bbox 1170 1901 1287 1968; x_wconf 82' lang='lat' dir='ltr'>genere</span> <span class='ocrx_word' id='word_1_100' title='bbox 1302 1877 1432 1956; x_wconf 88' lang='lat' dir='ltr'>nobilis,</span> 
     </span>
     <span class='ocr_line' id='line_1_13' title="bbox 228 1981 1432 2072; baseline 0.002 -30"><span class='ocrx_word' id='word_1_101' title='bbox 228 1981 390 2064; x_wconf 75' lang='lat' dir='ltr'>probitate</span> <span class='ocrx_word' id='word_1_102' title='bbox 405 1983 589 2064; x_wconf 87' lang='lat' dir='ltr'>acerrimus,</span> <span class='ocrx_word' id='word_1_103' title='bbox 611 1984 667 2070; x_wconf 93' lang='lat' dir='ltr'>qui</span> <span class='ocrx_word' id='word_1_104' title='bbox 681 1983 831 2048; x_wconf 87' lang='lat' dir='ltr'>noctibus</span> <span class='ocrx_word' id='word_1_105' title='bbox 847 1983 980 2070; x_wconf 87' lang='lat' dir='ltr'>singulis</span> <span class='ocrx_word' id='word_1_106' title='bbox 1002 1985 1107 2071; x_wconf 89' lang='lat' dir='ltr'>primo</span> <span class='ocrx_word' id='word_1_107' title='bbox 1127 1985 1301 2072; x_wconf 88' lang='lat' dir='ltr'>gallicantu</span> <span class='ocrx_word' id='word_1_108' title='bbox 1315 2006 1334 2047; x_wconf 84' lang='lat' dir='ltr'>a</span> <span class='ocrx_word' id='word_1_109' title='bbox 1347 1983 1432 2046; x_wconf 88' lang='lat' dir='ltr'>lecto</span> 
     </span>
     <span class='ocr_line' id='line_1_14' title="bbox 230 2084 1433 2173; baseline -0.001 -25"><span class='ocrx_word' id='word_1_110' title='bbox 230 2084 381 2169; x_wconf 77' lang='lat' dir='ltr'>surgebat</span> <span class='ocrx_word' id='word_1_111' title='bbox 392 2088 562 2173; x_wconf 90' lang='lat' dir='ltr'>nudusque</span> <span class='ocrx_word' id='word_1_112' title='bbox 578 2087 619 2152; x_wconf 92' lang='lat' dir='ltr'>ad</span> <span class='ocrx_word' id='word_1_113' title='bbox 628 2097 746 2152; x_wconf 86' lang='lat' dir='ltr'>terram</span> <span class='ocrx_word' id='word_1_114' title='bbox 757 2087 879 2151; x_wconf 86' lang='lat' dir='ltr'>nudam</span> <span class='ocrx_word' id='word_1_115' title='bbox 890 2109 975 2173; x_wconf 87' lang='lat' dir='ltr'>genu</span> <span class='ocrx_word' id='word_1_116' title='bbox 990 2087 1075 2153; x_wconf 84' lang='lat' dir='ltr'>flexo</span> <span class='ocrx_word' id='word_1_117' title='bbox 1090 2087 1272 2154; x_wconf 84' lang='lat' dir='ltr'>excubabat</span> <span class='ocrx_word' id='word_1_118' title='bbox 1279 2087 1314 2150; x_wconf 91' lang='lat' dir='ltr'>in</span> <span class='ocrx_word' id='word_1_119' title='bbox 1325 2085 1433 2150; x_wconf 89' lang='lat' dir='ltr'>lucem</span> 
     </span>
     <span class='ocr_line' id='line_1_15' title="bbox 230 2185 1433 2269; baseline -0.001 -19"><span class='ocrx_word' id='word_1_120' title='bbox 230 2208 336 2268; x_wconf 88' lang='lat' dir='ltr'>orans,</span> <span class='ocrx_word' id='word_1_121' title='bbox 350 2189 517 2256; x_wconf 76' lang='lat' dir='ltr'>abstinens</span> <span class='ocrx_word' id='word_1_122' title='bbox 532 2190 630 2256; x_wconf 87' lang='lat' dir='ltr'>etiam</span> <span class='ocrx_word' id='word_1_123' title='bbox 646 2190 798 2255; x_wconf 89' lang='lat' dir='ltr'>decenter</span> <span class='ocrx_word' id='word_1_124' title='bbox 820 2197 899 2269; x_wconf 91' lang='lat' dir='ltr'>erat,</span> <span class='ocrx_word' id='word_1_125' title='bbox 914 2200 1029 2255; x_wconf 86' lang='lat' dir='ltr'>ettam</span> <span class='ocrx_word' id='word_1_126' title='bbox 1044 2191 1233 2256; x_wconf 83' lang='lat' dir='ltr'>arctissimae</span> <span class='ocrx_word' id='word_1_127' title='bbox 1249 2189 1332 2254; x_wconf 88' lang='lat' dir='ltr'>circa</span> <span class='ocrx_word' id='word_1_128' title='bbox 1347 2185 1433 2266; x_wconf 87' lang='lat' dir='ltr'>seip-</span> 
     </span>
     <span class='ocr_line' id='line_1_16' title="bbox 229 2287 1432 2380; baseline 0 -26"><span class='ocrx_word' id='word_1_129' title='bbox 229 2313 303 2357; x_wconf 92' lang='lat' dir='ltr'>sum</span> <span class='ocrx_word' id='word_1_130' title='bbox 332 2293 497 2374; x_wconf 74' lang='lat' dir='ltr'>custodiar,</span> <span class='ocrx_word' id='word_1_131' title='bbox 528 2303 565 2360; x_wconf 90' lang='lat' dir='ltr'>ut</span> <span class='ocrx_word' id='word_1_132' title='bbox 593 2294 621 2359; x_wconf 83' lang='lat' dir='ltr'>ai</span> <span class='ocrx_word' id='word_1_133' title='bbox 646 2313 857 2378; x_wconf 84' lang='lat' dir='ltr'>cognosceres</span> <span class='ocrx_word' id='word_1_134' title='bbox 885 2316 960 2358; x_wconf 90' lang='lat' dir='ltr'>eum</span> <span class='ocrx_word' id='word_1_135' title='bbox 990 2315 1088 2380; x_wconf 89' lang='lat' dir='ltr'>supra</span> <span class='ocrx_word' id='word_1_136' title='bbox 1114 2292 1281 2358; x_wconf 89' lang='lat' dir='ltr'>bominem</span> <span class='ocrx_word' id='word_1_137' title='bbox 1311 2287 1432 2374; x_wconf 83' lang='lat' dir='ltr'>angelis</span> 
     </span>
     <span class='ocr_line' id='line_1_17' title="bbox 227 2395 1430 2483; baseline -0.004 -23"><span class='ocrx_word' id='word_1_138' title='bbox 227 2406 359 2482; x_wconf 87' lang='lat' dir='ltr'>putares</span> <span class='ocrx_word' id='word_1_139' title='bbox 379 2397 574 2483; x_wconf 82' lang='lat' dir='ltr'>proximum.</span> <span class='ocrx_word' id='word_1_140' title='bbox 620 2397 746 2462; x_wconf 79' lang='lat' dir='ltr'>sivero</span> <span class='ocrx_word' id='word_1_141' title='bbox 766 2395 892 2462; x_wconf 87' lang='lat' dir='ltr'>videres</span> <span class='ocrx_word' id='word_1_142' title='bbox 907 2418 1004 2481; x_wconf 91' lang='lat' dir='ltr'>quam</span> <span class='ocrx_word' id='word_1_143' title='bbox 1027 2397 1204 2462; x_wconf 85' lang='lat' dir='ltr'>infrunitus</span> <span class='ocrx_word' id='word_1_144' title='bbox 1227 2396 1262 2460; x_wconf 93' lang='lat' dir='ltr'>in</span> <span class='ocrx_word' id='word_1_145' title='bbox 1278 2413 1430 2478; x_wconf 89' lang='lat' dir='ltr'>congres-</span> 
     </span>
     <span class='ocr_line' id='line_1_18' title="bbox 228 2495 1431 2586; baseline -0.006 -22"><span class='ocrx_word' id='word_1_146' title='bbox 228 2500 328 2580; x_wconf 78' lang='lat' dir='ltr'>sibus,</span> <span class='ocrx_word' id='word_1_147' title='bbox 355 2523 451 2586; x_wconf 90' lang='lat' dir='ltr'>quam</span> <span class='ocrx_word' id='word_1_148' title='bbox 474 2501 576 2566; x_wconf 85' lang='lat' dir='ltr'>facilis</span> <span class='ocrx_word' id='word_1_149' title='bbox 599 2499 640 2564; x_wconf 86' lang='lat' dir='ltr'>ad</span> <span class='ocrx_word' id='word_1_150' title='bbox 665 2499 866 2585; x_wconf 87' lang='lat' dir='ltr'>sanguinem,</span> <span class='ocrx_word' id='word_1_151' title='bbox 894 2522 991 2584; x_wconf 90' lang='lat' dir='ltr'>quam</span> <span class='ocrx_word' id='word_1_152' title='bbox 1023 2521 1090 2564; x_wconf 82' lang='lat' dir='ltr'>suae</span> <span class='ocrx_word' id='word_1_153' title='bbox 1115 2499 1228 2564; x_wconf 87' lang='lat' dir='ltr'>salutis</span> <span class='ocrx_word' id='word_1_154' title='bbox 1254 2495 1431 2583; x_wconf 86' lang='lat' dir='ltr'>negligens,</span> 
     </span>
     <span class='ocr_line' id='line_1_19' title="bbox 227 2596 1430 2691; baseline -0.007 -23"><span class='ocrx_word' id='word_1_155' title='bbox 227 2626 324 2691; x_wconf 85' lang='lat' dir='ltr'>quam</span> <span class='ocrx_word' id='word_1_156' title='bbox 339 2605 450 2670; x_wconf 83' lang='lat' dir='ltr'>alienae</span> <span class='ocrx_word' id='word_1_157' title='bbox 465 2604 578 2670; x_wconf 89' lang='lat' dir='ltr'>mortis</span> <span class='ocrx_word' id='word_1_158' title='bbox 593 2603 719 2682; x_wconf 85' lang='lat' dir='ltr'>avidus,</span> <span class='ocrx_word' id='word_1_159' title='bbox 741 2625 838 2689; x_wconf 84' lang='lat' dir='ltr'>quam</span> <span class='ocrx_word' id='word_1_160' title='bbox 859 2603 956 2668; x_wconf 77' lang='lat' dir='ltr'>latus</span> <span class='ocrx_word' id='word_1_161' title='bbox 980 2603 1100 2669; x_wconf 89' lang='lat' dir='ltr'>scelere</span> <span class='ocrx_word' id='word_1_162' title='bbox 1122 2603 1229 2688; x_wconf 86' lang='lat' dir='ltr'>aliquo</span> <span class='ocrx_word' id='word_1_163' title='bbox 1252 2600 1305 2666; x_wconf 89' lang='lat' dir='ltr'>vel</span> <span class='ocrx_word' id='word_1_164' title='bbox 1323 2596 1430 2662; x_wconf 90' lang='lat' dir='ltr'>homi-</span> 
     </span>
     <span class='ocr_line' id='line_1_20' title="bbox 227 2701 1430 2796; baseline -0.007 -24"><span class='ocrx_word' id='word_1_165' title='bbox 227 2709 311 2774; x_wconf 87' lang='lat' dir='ltr'>cidio</span> <span class='ocrx_word' id='word_1_166' title='bbox 334 2717 529 2796; x_wconf 85' lang='lat' dir='ltr'>perpetrato,</span> <span class='ocrx_word' id='word_1_167' title='bbox 548 2729 615 2772; x_wconf 90' lang='lat' dir='ltr'>non</span> <span class='ocrx_word' id='word_1_168' title='bbox 638 2707 802 2773; x_wconf 78' lang='lat' dir='ltr'>dubitares</span> <span class='ocrx_word' id='word_1_169' title='bbox 822 2729 898 2772; x_wconf 91' lang='lat' dir='ltr'>eum</span> <span class='ocrx_word' id='word_1_170' title='bbox 923 2708 1055 2793; x_wconf 88' lang='lat' dir='ltr'>penitus</span> <span class='ocrx_word' id='word_1_171' title='bbox 1083 2705 1246 2793; x_wconf 84' lang='lat' dir='ltr'>iniquitati</span> <span class='ocrx_word' id='word_1_172' title='bbox 1272 2701 1430 2781; x_wconf 89' lang='lat' dir='ltr'>deditum,</span> 
     </span>
     <span class='ocr_line' id='line_1_21' title="bbox 228 2804 1430 2897; baseline -0.007 -22"><span class='ocrx_word' id='word_1_173' title='bbox 228 2812 308 2878; x_wconf 86' lang='lat' dir='ltr'>adeo</span> <span class='ocrx_word' id='word_1_174' title='bbox 326 2813 461 2878; x_wconf 88' lang='lat' dir='ltr'>firmiter</span> <span class='ocrx_word' id='word_1_175' title='bbox 482 2822 516 2877; x_wconf 91' lang='lat' dir='ltr'>et</span> <span class='ocrx_word' id='word_1_176' title='bbox 537 2819 691 2897; x_wconf 86' lang='lat' dir='ltr'>tanquam</span> <span class='ocrx_word' id='word_1_177' title='bbox 713 2811 901 2878; x_wconf 82' lang='lat' dir='ltr'>naturaliter</span> <span class='ocrx_word' id='word_1_178' title='bbox 922 2813 1009 2878; x_wconf 87' lang='lat' dir='ltr'>inest</span> <span class='ocrx_word' id='word_1_179' title='bbox 1030 2811 1077 2877; x_wconf 85' lang='lat' dir='ltr'>eia</span> <span class='ocrx_word' id='word_1_180' title='bbox 1099 2808 1309 2876; x_wconf 82' lang='lat' dir='ltr'>Walensibus</span> <span class='ocrx_word' id='word_1_181' title='bbox 1331 2804 1430 2869; x_wconf 91' lang='lat' dir='ltr'>hebe-</span> 
     </span>
     <span class='ocr_line' id='line_1_22' title="bbox 226 2906 1429 3002; baseline -0.007 -22"><span class='ocrx_word' id='word_1_182' title='bbox 226 2917 306 2983; x_wconf 91' lang='lat' dir='ltr'>tudo</span> <span class='ocrx_word' id='word_1_183' title='bbox 321 2915 589 2994; x_wconf 84' lang='lat' dir='ltr'>mansuetudinis,</span> <span class='ocrx_word' id='word_1_184' title='bbox 609 2923 646 2979; x_wconf 92' lang='lat' dir='ltr'>ut</span> <span class='ocrx_word' id='word_1_185' title='bbox 661 2914 689 2978; x_wconf 88' lang='lat' dir='ltr'>si</span> <span class='ocrx_word' id='word_1_186' title='bbox 711 2913 746 2979; x_wconf 92' lang='lat' dir='ltr'>in</span> <span class='ocrx_word' id='word_1_187' title='bbox 770 2914 878 3002; x_wconf 88' lang='lat' dir='ltr'>aliquo</span> <span class='ocrx_word' id='word_1_188' title='bbox 900 2916 1071 2982; x_wconf 86' lang='lat' dir='ltr'>videantur</span> <span class='ocrx_word' id='word_1_189' title='bbox 1093 2912 1244 2993; x_wconf 90' lang='lat' dir='ltr'>modesti,</span> <span class='ocrx_word' id='word_1_190' title='bbox 1268 2910 1304 2976; x_wconf 90' lang='lat' dir='ltr'>in</span> <span class='ocrx_word' id='word_1_191' title='bbox 1318 2906 1429 2974; x_wconf 84' lang='lat' dir='ltr'>multis</span> 
     </span>
     <span class='ocr_line' id='line_1_23' title="bbox 227 3019 766 3108; baseline 0 -24"><span class='ocrx_word' id='word_1_192' title='bbox 227 3031 402 3108; x_wconf 86' lang='lat' dir='ltr'>appareant</span> <span class='ocrx_word' id='word_1_193' title='bbox 416 3019 530 3086; x_wconf 92' lang='lat' dir='ltr'>discoli</span> <span class='ocrx_word' id='word_1_194' title='bbox 544 3027 578 3085; x_wconf 91' lang='lat' dir='ltr'>et</span> <span class='ocrx_word' id='word_1_195' title='bbox 592 3019 766 3084; x_wconf 82' lang='lat' dir='ltr'>silvestres.</span> 
     </span>
    </p>
   </div>
   <div class='ocr_carea' id='block_1_6' title="bbox 530 3257 1146 3344">
    <p class='ocr_par' dir='ltr' id='par_1_6' title="bbox 530 3257 1146 3344">
     <span class='ocr_line' id='line_1_24' title="bbox 530 3257 1146 3344; baseline -0.002 -18"><span class='ocrx_word' id='word_1_196' title='bbox 530 3263 576 3326; x_wconf 85' lang='lat' dir='ltr'>De</span> <span class='ocrx_word' id='word_1_197' title='bbox 592 3259 699 3344; x_wconf 81' lang='lat' dir='ltr'>Helyo</span> <span class='ocrx_word' id='word_1_198' title='bbox 713 3261 841 3325; x_wconf 71' lang='grc' dir='ltr'>ενειηὶία</span> <span class='ocrx_word' id='word_1_199' title='bbox 858 3257 1057 3328; x_wconf 74' lang='lat' dir='ltr'>Walamiam.</span> <span class='ocrx_word' id='word_1_200' title='bbox 1102 3258 1146 3325; x_wconf 89' lang='lat' dir='ltr'>ix.</span> 
     </span>
    </p>
   </div>
   <div class='ocr_carea' id='block_1_7' title="bbox 227 3408 1430 3593">
    <p class='ocr_par' dir='ltr' id='par_1_7' title="bbox 227 3408 1430 3593">
     <span class='ocr_line' id='line_1_25' title="bbox 269 3408 1430 3503; baseline -0.012 -18"><span class='ocrx_word' id='word_1_201' title='bbox 269 3421 347 3485; x_wconf 89' lang='lat' dir='ltr'>Vidi</span> <span class='ocrx_word' id='word_1_202' title='bbox 365 3419 504 3503; x_wconf 88' lang='lat' dir='ltr'>Helyam</span> <span class='ocrx_word' id='word_1_203' title='bbox 518 3415 685 3481; x_wconf 85' lang='lat' dir='ltr'>eremitam</span> <span class='ocrx_word' id='word_1_204' title='bbox 700 3413 900 3495; x_wconf 81' lang='lat' dir='ltr'>Walensem,</span> <span class='ocrx_word' id='word_1_205' title='bbox 915 3415 1078 3501; x_wconf 80' lang='lat' dir='ltr'>proeolaroe</span> <span class='ocrx_word' id='word_1_206' title='bbox 1093 3411 1170 3478; x_wconf 90' lang='lat' dir='ltr'>fidei</span> <span class='ocrx_word' id='word_1_207' title='bbox 1193 3419 1227 3475; x_wconf 91' lang='lat' dir='ltr'>et</span> <span class='ocrx_word' id='word_1_208' title='bbox 1252 3408 1329 3473; x_wconf 74' lang='lat' dir='ltr'>vitre</span> <span class='ocrx_word' id='word_1_209' title='bbox 1354 3429 1430 3492; x_wconf 91' lang='lat' dir='ltr'>pro-</span> 
     </span>
     <span class='ocr_line' id='line_1_26' title="bbox 227 3509 1430 3593; baseline -0.016 -1"><span class='ocrx_word' id='word_1_210' title='bbox 227 3525 344 3593; x_wconf 89' lang='lat' dir='ltr'>babilis</span> <span class='ocrx_word' id='word_1_211' title='bbox 369 3521 546 3585; x_wconf 88' lang='lat' dir='ltr'>hominem.</span> <span class='ocrx_word' id='word_1_212' title='bbox 591 3519 709 3583; x_wconf 86' lang='lat' dir='ltr'>Secum</span> <span class='ocrx_word' id='word_1_213' title='bbox 737 3517 791 3582; x_wconf 92' lang='lat' dir='ltr'>hic</span> <span class='ocrx_word' id='word_1_214' title='bbox 814 3519 946 3581; x_wconf 88' lang='lat' dir='ltr'>fratrem</span> <span class='ocrx_word' id='word_1_215' title='bbox 980 3537 1077 3582; x_wconf 84' lang='lat' dir='ltr'>auum</span> <span class='ocrx_word' id='word_1_216' title='bbox 1107 3513 1303 3579; x_wconf 83' lang='lat' dir='ltr'>Walenfrett</span> <span class='ocrx_word' id='word_1_217' title='bbox 1331 3509 1430 3574; x_wconf 83' lang='lat' dir='ltr'>habe·</span> 
     </span>
    </p>
   </div>
   <div class='ocr_carea' id='block_1_8' title="bbox 228 3761 1429 4072">
    <p class='ocr_par' dir='ltr' id='par_1_8' title="bbox 228 3761 1429 4072">
     <span class='ocr_line' id='line_1_27' title="bbox 260 3761 1429 3838; baseline -0.011 -13"><span class='ocrx_word' id='word_1_218' title='bbox 260 3774 390 3824; x_wconf 78' lang='lat' dir='ltr'>*Walter</span> <span class='ocrx_word' id='word_1_219' title='bbox 401 3771 490 3838; x_wconf 83' lang='lat' dir='ltr'>Mapes</span> <span class='ocrx_word' id='word_1_220' title='bbox 507 3785 609 3836; x_wconf 83' lang='lat' dir='ltr'>appears</span> <span class='ocrx_word' id='word_1_221' title='bbox 626 3775 652 3819; x_wconf 87' lang='lat' dir='ltr'>to</span> <span class='ocrx_word' id='word_1_222' title='bbox 670 3771 732 3819; x_wconf 84' lang='lat' dir='ltr'>bare</span> <span class='ocrx_word' id='word_1_223' title='bbox 747 3771 809 3820; x_wconf 84' lang='lat' dir='ltr'>been</span> <span class='ocrx_word' id='word_1_224' title='bbox 844 3770 930 3832; x_wconf 81' lang='lat' dir='ltr'>ilenry</span> <span class='ocrx_word' id='word_1_225' title='bbox 942 3768 979 3828; x_wconf 88' lang='lat'>11,</span> <span class='ocrx_word' id='word_1_226' title='bbox 993 3765 1102 3816; x_wconf 83' lang='lat' dir='ltr'>Ricbard</span> <span class='ocrx_word' id='word_1_227' title='bbox 1114 3765 1137 3824; x_wconf 87' lang='lat'>1,</span> <span class='ocrx_word' id='word_1_228' title='bbox 1151 3766 1201 3814; x_wconf 87' lang='lat' dir='ltr'>aud</span> <span class='ocrx_word' id='word_1_229' title='bbox 1212 3763 1289 3814; x_wconf 84' lang='lat' dir='ltr'>John.</span> <span class='ocrx_word' id='word_1_230' title='bbox 1324 3763 1365 3813; x_wconf 87' lang='lat' dir='ltr'>He</span> <span class='ocrx_word' id='word_1_231' title='bbox 1378 3761 1429 3812; x_wconf 79' lang='lat' dir='ltr'>had</span> 
     </span>
     <span class='ocr_line' id='line_1_28' title="bbox 228 3845 1429 3920; baseline -0.014 -10"><span class='ocrx_word' id='word_1_232' title='bbox 228 3857 376 3920; x_wconf 78' lang='lat' dir='ltr'>incorrectly</span> <span class='ocrx_word' id='word_1_233' title='bbox 394 3854 517 3904; x_wconf 80' lang='lat' dir='ltr'>informed</span> <span class='ocrx_word' id='word_1_234' title='bbox 534 3869 562 3902; x_wconf 82' lang='lat' dir='ltr'>aa</span> <span class='ocrx_word' id='word_1_235' title='bbox 581 3859 607 3902; x_wconf 91' lang='lat' dir='ltr'>to</span> <span class='ocrx_word' id='word_1_236' title='bbox 625 3854 669 3902; x_wconf 87' lang='lat' dir='ltr'>the</span> <span class='ocrx_word' id='word_1_237' title='bbox 689 3852 764 3901; x_wconf 83' lang='lat' dir='ltr'>daath</span> <span class='ocrx_word' id='word_1_238' title='bbox 785 3851 814 3900; x_wconf 82' lang='lat' dir='ltr'>ot</span> <span class='ocrx_word' id='word_1_239' title='bbox 842 3866 900 3913; x_wconf 78' lang='lat' dir='ltr'>very</span> <span class='ocrx_word' id='word_1_240' title='bbox 919 3851 986 3912; x_wconf 80' lang='lat' dir='ltr'>large</span> <span class='ocrx_word' id='word_1_241' title='bbox 1003 3847 1156 3912; x_wconf 76' lang='lat' dir='ltr'>poraeuionr</span> <span class='ocrx_word' id='word_1_242' title='bbox 1176 3849 1202 3896; x_wconf 90' lang='lat' dir='ltr'>in</span> <span class='ocrx_word' id='word_1_243' title='bbox 1222 3845 1320 3896; x_wconf 80' lang='lat' dir='ltr'>Ireland</span> <span class='ocrx_word' id='word_1_244' title='bbox 1341 3845 1429 3894; x_wconf 82' lang='lat' dir='ltr'>audin</span> 
     </span>
     <span class='ocr_line' id='line_1_29' title="bbox 229 3927 1427 3992; baseline -0.013 -1"><span class='ocrx_word' id='word_1_245' title='bbox 229 3943 290 3991; x_wconf 85' lang='lat' dir='ltr'>Bela</span> <span class='ocrx_word' id='word_1_246' title='bbox 303 3940 356 3990; x_wconf 88' lang='lat'>111.</span> <span class='ocrx_word' id='word_1_247' title='bbox 373 3938 429 3987; x_wconf 82' lang='lat' dir='ltr'>vrbo</span> <span class='ocrx_word' id='word_1_248' title='bbox 447 3937 574 3987; x_wconf 70' lang='lat' dir='ltr'>rasaline</span> <span class='ocrx_word' id='word_1_249' title='bbox 591 3936 661 3986; x_wconf 76' lang='lat' dir='ltr'>when</span> <span class='ocrx_word' id='word_1_250' title='bbox 678 3934 728 3984; x_wconf 84' lang='lat' dir='ltr'>this</span> <span class='ocrx_word' id='word_1_251' title='bbox 743 3931 810 3982; x_wconf 83' lang='lat' dir='ltr'>book</span> <span class='ocrx_word' id='word_1_252' title='bbox 842 3931 934 3982; x_wconf 69' lang='lat' dir='ltr'>waler.</span> <span class='ocrx_word' id='word_1_253' title='bbox 971 3931 1010 3980; x_wconf 84' lang='lat' dir='ltr'>He</span> <span class='ocrx_word' id='word_1_254' title='bbox 1021 3928 1203 3979; x_wconf 71' lang='lat' dir='ltr'>ambulabat</span> <span class='ocrx_word' id='word_1_255' title='bbox 1214 3929 1246 3992; x_wconf 83' lang='lat' dir='ltr'>by</span> <span class='ocrx_word' id='word_1_256' title='bbox 1263 3929 1332 3992; x_wconf 75' lang='lat' dir='ltr'>King</span> <span class='ocrx_word' id='word_1_257' title='bbox 1347 3927 1427 3988; x_wconf 85' lang='lat' dir='ltr'>John,</span> 
     </span>
     <span class='ocr_line' id='line_1_30' title="bbox 229 4010 1429 4072; baseline -0.011 0"><span class='ocrx_word' id='word_1_258' title='bbox 229 4038 278 4072; x_wconf 78' lang='lat' dir='ltr'>was</span> <span class='ocrx_word' id='word_1_259' title='bbox 288 4023 395 4071; x_wconf 78' lang='lat' dir='ltr'>written.</span> <span class='ocrx_word' id='word_1_260' title='bbox 842 4013 891 4064; x_wconf 79' lang='lat' dir='ltr'>and</span> <span class='ocrx_word' id='word_1_261' title='bbox 901 4013 923 4062; x_wconf 85' lang='lat' dir='ltr'>is</span> <span class='ocrx_word' id='word_1_262' title='bbox 934 4013 987 4062; x_wconf 82' lang='lat' dir='ltr'>said</span> <span class='ocrx_word' id='word_1_263' title='bbox 1004 4019 1030 4061; x_wconf 89' lang='lat' dir='ltr'>to</span> <span class='ocrx_word' id='word_1_264' title='bbox 1047 4011 1109 4061; x_wconf 84' lang='lat' dir='ltr'>have</span> <span class='ocrx_word' id='word_1_265' title='bbox 1123 4012 1179 4061; x_wconf 83' lang='lat' dir='ltr'>died</span> <span class='ocrx_word' id='word_1_266' title='bbox 1195 4013 1222 4060; x_wconf 91' lang='lat' dir='ltr'>in</span> <span class='ocrx_word' id='word_1_267' title='bbox 1240 4011 1318 4061; x_wconf 85' lang='lat' dir='ltr'>Paria.</span> <span class='ocrx_word' id='word_1_268' title='bbox 1353 4010 1399 4060; x_wconf 82' lang='lat' dir='ltr'>See</span> <span class='ocrx_word' id='word_1_269' title='bbox 1413 4023 1429 4059; x_wconf 84' lang='lat' dir='ltr'>a</span> 
     </span>
    </p>
   </div>
   <div class='ocr_carea' id='block_1_9' title="bbox 231 4093 1427 4249">
    <p class='ocr_par' dir='ltr' id='par_1_9' title="bbox 231 4093 1427 4249">
     <span class='ocr_line' id='line_1_31' title="bbox 261 4093 1427 4162; baseline -0.009 -10"><span class='ocrx_word' id='word_1_270' title='bbox 261 4103 354 4162; x_wconf 83' lang='lat' dir='ltr'>†Tbis</span> <span class='ocrx_word' id='word_1_271' title='bbox 374 4101 485 4150; x_wconf 83' lang='lat' dir='ltr'>william</span> <span class='ocrx_word' id='word_1_272' title='bbox 505 4100 535 4149; x_wconf 86' lang='lat' dir='ltr'>de</span> <span class='ocrx_word' id='word_1_273' title='bbox 554 4100 647 4149; x_wconf 79' lang='lat' dir='ltr'>Eraoae</span> <span class='ocrx_word' id='word_1_274' title='bbox 665 4115 715 4148; x_wconf 74' lang='lat' dir='ltr'>was</span> <span class='ocrx_word' id='word_1_275' title='bbox 726 4114 741 4148; x_wconf 80' lang='lat' dir='ltr'>a</span> <span class='ocrx_word' id='word_1_276' title='bbox 753 4113 810 4148; x_wconf 78' lang='lat' dir='ltr'>man</span> <span class='ocrx_word' id='word_1_277' title='bbox 842 4097 970 4147; x_wconf 82' lang='lat' dir='ltr'>character</span> <span class='ocrx_word' id='word_1_278' title='bbox 980 4095 1009 4144; x_wconf 80' lang='lat' dir='ltr'>ol</span> <span class='ocrx_word' id='word_1_279' title='bbox 1024 4094 1076 4144; x_wconf 87' lang='lat' dir='ltr'>him</span> <span class='ocrx_word' id='word_1_280' title='bbox 1093 4096 1120 4144; x_wconf 88' lang='lat' dir='ltr'>in</span> <span class='ocrx_word' id='word_1_281' title='bbox 1132 4095 1248 4144; x_wconf 85' lang='lat' dir='ltr'>Giraldua</span> <span class='ocrx_word' id='word_1_282' title='bbox 1260 4093 1427 4152; x_wconf 70' lang='lat' dir='ltr'>Cambmrir,</span> 
     </span>
     <span class='ocr_line' id='line_1_32' title="bbox 231 4176 1263 4249; baseline -0.006 -15"><span class='ocrx_word' id='word_1_283' title='bbox 231 4185 259 4234; x_wconf 80' lang='lat' dir='ltr'>of</span> <span class='ocrx_word' id='word_1_284' title='bbox 275 4189 343 4249; x_wconf 81' lang='lat' dir='ltr'>great</span> <span class='ocrx_word' id='word_1_285' title='bbox 365 4183 483 4247; x_wconf 79' lang='lat' dir='ltr'>celabrity</span> <span class='ocrx_word' id='word_1_286' title='bbox 505 4182 595 4246; x_wconf 80' lang='lat' dir='ltr'>during</span> <span class='ocrx_word' id='word_1_287' title='bbox 617 4181 659 4231; x_wconf 86' lang='lat' dir='ltr'>the</span> <span class='ocrx_word' id='word_1_288' title='bbox 681 4181 762 4244; x_wconf 78' lang='lat' dir='ltr'>raigm</span> <span class='ocrx_word' id='word_1_289' title='bbox 784 4181 813 4230; x_wconf 80' lang='lat' dir='ltr'>ol</span> <span class='ocrx_word' id='word_1_290' title='bbox 843 4180 958 4231; x_wconf 82' lang='lat' dir='ltr'>itinerar.</span> <span class='ocrx_word' id='word_1_291' title='bbox 972 4176 1103 4238; x_wconf 75' lang='lat' dir='ltr'>Cambris,</span> <span class='ocrx_word' id='word_1_292' title='bbox 1115 4177 1160 4230; x_wconf 90' lang='lat' dir='ltr'>lib.</span> <span class='ocrx_word' id='word_1_293' title='bbox 1172 4177 1190 4230; x_wconf 86' lang='lat' dir='ltr'>i.</span> <span class='ocrx_word' id='word_1_294' title='bbox 1203 4193 1225 4230; x_wconf 82' lang='lat' dir='ltr'>c.</span> <span class='ocrx_word' id='word_1_295' title='bbox 1238 4179 1263 4228; x_wconf 76' lang='lat'>2.</span> 
     </span>
    </p>
   </div>
   <div class='ocr_carea' id='block_1_10' title="bbox 0 0 1808 4862">
    <p class='ocr_par' dir='ltr' id='par_1_10' title="bbox 0 0 1808 4862">
     <span class='ocr_line' id='line_1_33' title="bbox 0 0 1808 4862; baseline 0 2"><span class='ocrx_word' id='word_1_296' title='bbox 0 0 1808 4862; x_wconf 95' lang='lat' dir='ltr'> </span> 
     </span>
    </p>
   </div>
  </div>
 </body>
</html>
