3650 4852
406 463 448 524 22
845 473 1033 521 nouarum
1058 475 1178 520 ussus
1439 469 1560 534 [numo.
1573 470 1596 522 1.

403 627 527 692 mixtus
542 626 727 711 incognitus
742 625 821 701 ibat,
835 634 922 690 retro
938 647 1066 711 semper
1080 623 1254 689 intendens
1269 621 1311 684 ad
1321 622 1530 702 monachum,
1546 639 1614 688 suoe

403 730 567 814 neglector
581 728 657 793 vitre
684 737 722 792 ut
748 728 819 812 ejus
844 728 945 792 vitam
970 727 1181 810 extingueret.
1227 725 1412 789 Monachus
1437 735 1521 789 cestu
1546 735 1613 790 tam

404 829 524 894 laboris
540 853 636 915 quam
653 831 730 894 solis
746 851 830 914 pene
846 831 1033 910 suffocatus,
1047 828 1150 892 accito
1162 849 1274 912 puero,
1285 827 1414 892 vineam
1424 827 1613 912 ingreditur,

404 950 493 994 arma
507 931 652 1015 deponit,
673 940 707 996 et
721 932 799 995 dum
815 940 1032 1017 pertranserat
1046 930 1206 994 exercitus
1222 949 1308 992 auree
1323 949 1358 992 se
1374 927 1435 992 sub
1451 928 1527 992 vitis
1539 927 1613 993 alta

406 1041 582 1098 tractatura
621 1033 828 1098 seminudum
864 1055 957 1099 secus
984 1031 1127 1116 exponit.
1173 1029 1324 1096 Proditor
1357 1051 1434 1114 ergo
1459 1030 1513 1094 via
1537 1051 1613 1094 curn

403 1134 567 1199 viantibus
583 1135 703 1213 relicta,
719 1157 879 1219 suspenso
890 1155 1003 1219 gressu
1017 1132 1129 1196 furtim
1141 1129 1288 1209 illabens,
1300 1131 1498 1195 monachum
1511 1131 1610 1196 misso

403 1235 502 1300 laetali
517 1237 582 1301 telo
608 1238 761 1321 perforat,
788 1246 822 1302 et
845 1236 973 1320 refugit.
1019 1235 1080 1298 Ille
1104 1255 1139 1298 se
1165 1233 1263 1297 morti
1284 1233 1468 1318 proximum
1494 1234 1611 1314 sciens,

403 1359 506 1423 puero
521 1339 576 1423 qui
602 1339 691 1403 solus
714 1340 824 1402 aderat
848 1346 981 1423 peccata
1003 1337 1133 1414 fatetur,
1158 1334 1383 1419 poenitentiam
1409 1335 1473 1399 sibi
1495 1331 1610 1420 petens

404 1439 541 1524 injungi.
587 1440 646 1504 Ille
665 1449 703 1504 ut
717 1440 818 1504 laicus
844 1461 878 1504 se
899 1438 1022 1502 nescire
1045 1437 1143 1521 jurat.
1189 1436 1374 1499 Monachus
1389 1446 1509 1516 autern,
1524 1448 1562 1501 ut
1576 1437 1611 1502 in

404 1540 556 1605 omnibus
582 1551 651 1606 erat
673 1562 747 1606 acer
769 1541 912 1626 agendis,
938 1538 1123 1604 acutissime
1152 1538 1325 1622 poenitens,
1349 1538 1405 1616 ait,
1438 1539 1609 1624 “Injunga

404 1643 484 1705 mihi
499 1664 557 1727 per
571 1643 823 1707 misericordiam
850 1643 924 1720 Dei,
950 1640 1118 1704 karissime
1144 1639 1201 1716 fili,
1225 1647 1263 1702 ut
1287 1639 1322 1702 in
1346 1641 1478 1706 nomine
1503 1642 1607 1706 Jhesu

407 1742 530 1807 Christi
543 1743 586 1807 sit
599 1743 633 1807 in
648 1744 774 1808 inferno
790 1743 897 1808 anima
911 1765 983 1806 mea
998 1740 1222 1825 poenitentiam
1236 1761 1334 1824 agens
1356 1742 1507 1826 usquein
1524 1744 1610 1808 diem

401 1843 525 1927 judicii,
547 1853 586 1908 ut
600 1855 678 1909 tunc
693 1847 883 1911 misereatur
897 1845 962 1910 mei
985 1845 1159 1919 Dominus,
1186 1866 1228 1908 ne
1252 1865 1327 1908 curn
1350 1843 1459 1928 impiis
1482 1845 1609 1910 vultum

404 1945 522 2008 furoris
537 1956 571 2010 et
585 1947 640 2010 irae
655 1948 815 2011 rideam.''
858 1949 952 2011 Tunc
966 1967 1047 2032 puer
1061 1947 1092 2011 ei
1106 1969 1180 2010 oum
1191 1944 1332 2010 lacrimis
1347 1945 1403 2022 ait,
1426 1950 1448 1982 “
1458 1946 1611 2029 Domine,

404 2046 540 2130 injungo
555 2047 615 2111 tibi
629 2049 904 2133 inpoenitentium
924 2049 1012 2132 quod
1037 2048 1091 2112 hic
1105 2070 1215 2112 coram
1230 2047 1382 2111 Domino·
1391 2046 1611 2114 distinxerunt

403 2144 489 2209 labia
513 2146 601 2210 tua.''
645 2148 692 2211 Et
705 2147 759 2211 ille
773 2146 881 2212 verbis
903 2155 937 2210 et
962 2145 1057 2210 vultu
1080 2167 1226 2209 annuens
1252 2146 1368 2212 devote
1395 2151 1549 2234 suscepit,
1575 2162 1610 2216 et

405 2247 554 2313 decessit.
599 2249 640 2313 In
663 2249 851 2315 memoriam
874 2249 927 2313 hic
949 2257 1142 2313 revocentur
1164 2247 1262 2312 verba
1286 2251 1513 2317 misericordiae
1539 2276 1611 2339 quae

405 2349 460 2427 ait,
475 2350 510 2413 in
525 2372 717 2437 quacunque
728 2353 808 2417 hora
822 2349 1016 2438 ingemuerit
1030 2358 1181 2434 peccator
1195 2349 1303 2412 salvus
1324 2351 1395 2416 erit.
1435 2353 1611 2420 Quomodo

404 2453 514 2536 potuit
525 2453 577 2518 hic
587 2454 807 2538 ingemiscere,
817 2465 850 2519 et
859 2477 925 2518 non
938 2453 1025 2530 fecit,
1037 2453 1064 2515 si
1074 2451 1203 2536 quidex
1214 2453 1477 2538 contingentibus
1487 2457 1609 2533 omisit,

405 2553 491 2618 inter
505 2578 566 2620 nos
582 2555 625 2620 sit
640 2555 828 2641 disputati0,
844 2564 878 2619 et
892 2555 1009 2618 animae
1024 2553 1110 2618 illius
1126 2553 1316 2618 misereatur
1327 2555 1428 2620 Deus.

624 2722 679 2789 De
693 2727 834 2807 captione
847 2726 1024 2788 Jerusalem
1032 2745 1093 2806 per
1104 2723 1295 2788 Soludinam.
1340 2748 1395 2790 xv.

451 2829 543 2894 Sicut
557 2853 659 2894 annos
675 2833 874 2896 remissionis
890 2833 940 2896 vel
963 2832 1151 2917 jubilaeosa
1174 2835 1365 2898 remissione
1389 2837 1443 2899 vel
1464 2860 1483 2900 a
1504 2838 1610 2923 jubilo

407 2929 527 2994 scimus
543 2952 614 2996 esse
630 2931 744 3011 dictos,
759 2955 862 2996 annos
878 2933 1001 2998 scilicet
1015 2934 1213 2998 remissionis
1229 2945 1262 2999 et
1283 2937 1404 3020 gratiae,
1429 2939 1609 3004 securitatis

406 3041 440 3097 et
453 3032 553 3117 pacis,
579 3033 787 3098 exultationis
808 3045 842 3099 et
857 3035 970 3113 venite,
985 3037 1089 3100 laudis
1114 3046 1147 3100 et
1169 3037 1301 3117 laetitiae,
1324 3039 1369 3101 ita
1384 3061 1488 3103 annus
1503 3039 1544 3104 ab
1559 3041 1611 3105 in-

406 3133 590 3199 carnatione
613 3135 748 3200 Domini
775 3138 965 3202 millesimus
989 3139 1185 3202 centesimus
1210 3142 1426 3224 octogesimus
1450 3144 1609 3228 septimus

406 3233 502 3298 nobis
517 3245 568 3300 cst
583 3235 742 3302 nubilaeus
757 3260 776 3301 a
791 3238 902 3303 nubilo
919 3239 1087 3318 dicendus,
1109 3249 1176 3303 tam
1201 3240 1314 3305 nubilo
1329 3244 1485 3328 temporis
1512 3268 1611 3330 quam

406 3335 549 3402 tenebris
580 3338 786 3420 infelicitatis
813 3361 917 3403 annus
940 3339 1066 3403 timoris
1092 3350 1126 3404 et
1151 3339 1238 3420 belli,
1265 3345 1410 3406 moeroris
1435 3354 1468 3409 et
1492 3347 1611 3426 oneris,

405 3437 628 3524 blasphemius,
642 3439 782 3506 tristitiae
791 3444 822 3522 ς*
845 3442 919 3526 quia
931 3463 1028 3527 quem
1043 3442 1207 3528 hyemales
1224 3443 1388 3508 continuae
1400 3459 1613 3532 crepaverunt

437 3608 454 3642 *
470 3611 525 3660 Tha
535 3611 685 3660 chroniclars
697 3611 726 3659 ol
741 3612 785 3661 the
803 3612 864 3661 time
883 3627 925 3675 say
942 3627 988 3661 no·
1023 3618 1105 3662 motus
1117 3628 1220 3676 magnus
1231 3619 1257 3663 et
1268 3615 1402 3674 horribilis,
1414 3616 1451 3666 its
1461 3621 1491 3666 ut
1501 3618 1611 3669 etiamin

405 3691 517 3754 thingot
533 3692 699 3755 thephysical
716 3694 875 3742 misionunes
894 3693 922 3740 oi
940 3692 989 3739 thia
1023 3694 1121 3754 Anglia,
1134 3695 1176 3742 ubl
1195 3711 1252 3744 raro
1272 3697 1386 3759 contigit,
1407 3699 1486 3747 multa
1506 3701 1610 3749 adfine

404 3787 472 3836 year,
484 3774 579 3834 though
589 3774 648 3837 they
656 3774 732 3837 speak
740 3773 769 3821 ol
778 3774 820 3822 the
827 3773 987 3837 greatearth·
1021 3771 1258 3839 subverterentur.”)
1292 3777 1363 3841 They
1374 3793 1415 3826 are
1426 3779 1468 3837 all,
1486 3780 1610 3840 however.

406 3855 526 3915 quakeot
545 3854 587 3902 the
607 3869 665 3917 year
675 3855 816 3917 preceding.
851 3855 986 3918 (Mattheus
1019 3869 1087 3903 more
1099 3855 1187 3904 orless
1199 3857 1281 3919 prolix
1297 3872 1330 3906 on
1349 3858 1393 3908 the
1411 3859 1526 3910 differant
1545 3862 1611 3924 poli·

406 3933 475 3982 Paris
486 3947 550 3996 says,
562 3932 642 3982 ander
657 3935 700 3982 the
711 3935 767 3982 date
780 3937 852 3994 1186,
871 3938 887 3963 “
897 3935 987 3983 Factus
1020 3937 1079 3984 tioal
1089 3937 1200 3986 troubles
1211 3937 1291 3989 which
1302 3939 1483 3991 characterized
1494 3943 1537 3992 the
1549 3958 1612 4007 year

405 4018 444 4062 eat
454 4013 493 4061 his
504 4014 590 4063 diebus
600 4029 644 4076 per
655 4014 740 4063 orbam
750 4016 893 4066 universum
901 4021 987 4066 terroe-
1022 4017 1094 4069 1187.
