3610 4852
229 571 340 633 erpa]
605 571 650 612 na
675 571 785 614 uuars
810 571 1034 616 cuarnnrun.
1355 557 1417 612 219

212 759 321 802 comes
349 738 537 822 Campaniae
559 737 743 802 'leobaldus
771 741 926 804 adversus
950 763 1025 805 eum
1050 740 1233 825 principum
1257 740 1417 824 princeps,

213 840 244 904 in
267 842 380 906 multis
395 865 470 906 eum
487 840 636 906 vincebat
662 842 899 927 congressibus,
920 854 954 908 et
977 845 1097 928 majora
1118 842 1300 906 merebatur
1314 843 1418 906 indies

212 945 296 1010 odia.
342 945 485 1008 Favebat
505 953 614 1008 autem
630 947 741 1009 comiti
759 947 927 1011 Romanus
957 948 1143 1032 imperator,
1167 956 1201 1010 et
1223 945 1354 1010 fouebat
1378 946 1418 1009 ad

212 1047 331 1112 bellum
347 1049 500 1134 regnique
524 1048 622 1112 simul
646 1049 819 1134 principes.
865 1050 1016 1136 Cumque
1036 1052 1105 1135 jam
1125 1051 1291 1115 videretur
1308 1050 1417 1115 Lodo-

211 1152 301 1216 vicus
324 1153 356 1216 in
380 1175 494 1237 guerra
517 1151 674 1236 superior,
698 1176 717 1216 a
744 1154 965 1217 Romanorum
990 1155 1184 1239 imperatore
1206 1153 1417 1219 veneruntad

212 1278 287 1320 eurn
315 1254 424 1318 nuncii
451 1254 616 1318 dicentes:
640 1255 817 1319 “Mandat
842 1254 902 1319 tibi
929 1256 1153 1320 Romanorum
1182 1256 1356 1340 imperator
1386 1267 1419 1318 et

213 1357 370 1442 praecipit,
386 1357 471 1420 sieut
492 1357 532 1421 de
558 1357 648 1442 regni
676 1359 724 1421 tui
752 1369 838 1422 statu
866 1359 1057 1444 propriaque
1081 1359 1183 1423 salute
1203 1359 1342 1444 gaudere
1357 1358 1417 1434 vis,

213 1459 367 1544 quatinus
389 1461 473 1524 infra
495 1483 641 1524 mensem
665 1461 752 1526 bunc
776 1484 889 1546 pacem
909 1472 942 1526 et
966 1463 1071 1526 foedus
1096 1463 1185 1526 ineas
1209 1485 1282 1526 eum
1299 1460 1416 1526 comite

213 1563 378 1627 'leobaldo
394 1565 525 1649 penitus
540 1564 580 1627 ad
596 1565 666 1648 ejus
682 1565 884 1629 voluntatem
900 1576 934 1629 et
948 1566 1125 1641 honorem;
1149 1569 1198 1629 sin
1214 1577 1333 1643 autem,
1359 1565 1417 1627 Pa·

213 1666 310 1731 risius
334 1679 409 1730 ante
431 1690 576 1732 mensem
597 1668 744 1753 elapsum
767 1669 938 1732 obsidione
961 1669 1078 1755 cinget,
1105 1681 1139 1734 et
1161 1680 1192 1734 te
1218 1669 1363 1744 interius,
1389 1667 1415 1730 si

214 1771 383 1834 temerario
413 1773 657 1855 praesumpseris
688 1795 769 1836 ausu
799 1773 1010 1857 praestolari.''
1056 1773 1239 1858 Respondit
1265 1775 1311 1836 eis
1341 1793 1415 1834 rex:

214 1876 235 1908 ‘⁶
255 1875 383 1955 limat
402 1874 580 1936 Alemcn!''
625 1874 705 1938 Haec
728 1884 836 1938 autern
858 1874 1009 1938 omnibus
1035 1875 1222 1938 Alemannis
1248 1873 1416 1959 responsio

214 1977 404 2060 gravissima
432 1978 560 2041 videtur
596 1978 712 2054 adbuc,
743 1989 776 2041 et
807 1989 938 2062 propter
968 1979 1156 2062 hujusmodi
1185 1979 1417 2064 improperium

215 2078 327 2142 multoe
348 2078 531 2162 frequenter
547 2079 702 2143 intereos
719 2089 751 2142 et
767 2078 889 2141 alienos
905 2079 982 2141 rixae
998 2078 1091 2142 fiunt.
1132 2079 1213 2142 Hoec
1225 2079 1304 2142 mihi
1315 2079 1418 2142 securi

216 2182 321 2245 cordis
345 2192 378 2245 et
401 2181 483 2245 bene
509 2182 680 2246 residentis
705 2182 805 2244 animi
830 2181 929 2244 fuisse
946 2181 1084 2246 videtur.
1132 2181 1229 2259 Item,
1245 2204 1318 2244 cum
1334 2182 1418 2246 inter

216 2281 302 2348 hunc
312 2285 553 2349 etTeobaldum
566 2297 675 2349 essent
684 2285 862 2349 inimicitiae
878 2285 1040 2364 mortales,
1053 2288 1075 2348 ι’.
1088 2307 1112 2348 e.
1127 2285 1167 2348 ad
1181 2295 1317 2348 mortem
1335 2286 1418 2370 peri-

216 2386 346 2464 culnsoe,
369 2387 426 2451 sed
445 2399 478 2451 et
497 2389 695 2452 immortales
718 2389 793 2473 quia
813 2397 989 2472 perpetuae,
1015 2410 1081 2451 non
1105 2399 1155 2452 est
1180 2412 1198 2451 a
1218 2388 1418 2472 sapientibus

215 2489 348 2554 inventa
371 2489 423 2553 via
448 2491 547 2574 pacis.
594 2491 660 2554 sed
682 2490 858 2568 Dominus,
874 2490 929 2574 qui
952 2491 1081 2574 quando
1108 2492 1178 2555 vult
1204 2503 1237 2556 et
1262 2503 1418 2576 quantum

216 2593 355 2677 flagellat
387 2593 471 2657 filios
508 2616 589 2679 quos
619 2593 744 2678 recipit,
779 2595 879 2657 furori
918 2594 1045 2657 frenum
1084 2595 1186 2659 facete
1216 2595 1326 2679 posuit
1364 2597 1419 2661 sic.

217 2695 443 2760 Absconderat
467 2718 503 2760 se
521 2718 576 2760 reu
592 2708 667 2759 ante
683 2696 864 2760 Carnotum
880 2697 911 2760 in
937 2719 1068 2762 nemore
1092 2720 1166 2762 curn
1195 2699 1298 2762 multa
1322 2721 1421 2762 manu

217 2796 356 2859 militum
372 2805 504 2873 armata,
520 2797 671 2880 quatinus
693 2797 801 2860 missis
817 2800 1084 2883 provocatoribus
1101 2800 1275 2885 improvidi
1293 2813 1421 2866 ruerent

216 2902 250 2964 in
265 2902 374 2988 ipsum
390 2901 511 2964 inimici
524 2901 753 2980 Carnotenses,
768 2913 801 2965 et
817 2924 890 2966 ecce
902 2925 1011 2967 comes
1026 2903 1211 2968 'leobaldus
1226 2905 1287 2968 iter
1299 2906 1419 2970 faciens

218 3005 296 3090 quid
312 3005 395 3068 fierit
410 3005 558 3068 incautus
569 3005 648 3068 tutis
664 3006 828 3068 tutissime
835 3007 931 3090 juxta
946 3029 1054 3092 regem
1071 3008 1264 3092 praeteribat.
1297 3009 1420 3073 Videns

217 3109 314 3193 igitur
329 3130 403 3171 eum
419 3129 475 3172 rex
492 3109 604 3172 datum
620 3109 654 3172 in
670 3131 784 3171 manus
801 3131 887 3188 suas,
903 3121 1030 3174 tantum
1048 3134 1237 3176 successum
1253 3113 1329 3176 inde
1344 3113 1422 3177 levi-

217 3211 374 3296 pendenS,
396 3213 482 3296 quod
503 3212 673 3275 casualiter
695 3223 728 3276 et
750 3211 872 3298 absque
887 3215 1019 3298 negotio
1034 3215 1248 3298 provenisset,
1265 3214 1422 3279 abstinuit

216 3325 250 3378 et
265 3337 322 3399 per
337 3315 472 3378 nuncios
488 3315 665 3400 castigavit,
679 3326 715 3378 ut
731 3327 822 3378 tutus
835 3338 993 3400 nusquam
1007 3316 1170 3381 incederet
1182 3317 1260 3380 dum
1272 3318 1420 3382 inimicos

216 3417 360 3493 baberet,
383 3426 417 3480 et
441 3415 529 3480 abire
555 3417 692 3480 liberum
723 3416 879 3501 permisit.
925 3418 1033 3484 Quem
1063 3440 1129 3481 non
1152 3430 1266 3502 posset
1294 3420 1421 3484 flectere

217 3520 331 3596 victor,
347 3519 466 3604 pietate
482 3519 587 3581 victus
603 3527 637 3582 et
652 3519 755 3582 hostis
771 3517 970 3603 benignitate
986 3531 1088 3604 pater.
1135 3522 1221 3586 Item
1238 3523 1374 3608 contigit
1386 3533 1421 3586 ut

218 3622 364 3686 venisset
389 3643 442 3685 rex
475 3621 596 3684 Blesim
632 3643 706 3684 curn
734 3622 876 3685 exercitu
899 3622 1022 3706 grandi,
1045 3645 1184 3707 cumque
1210 3637 1423 3710 praeparasset

219 3725 384 3788 machinas
410 3724 450 3787 ad
476 3747 586 3788 muros
613 3725 653 3788 ad
683 3725 854 3798 assultum,
878 3725 1002 3810 equites
1033 3727 1219 3792 incensores
1249 3729 1289 3792 ad
1321 3731 1422 3809 vicos,

217 3829 341 3894 audivit
356 3829 507 3894 comitem
524 3829 659 3893 interius
675 3851 746 3893 esse
762 3852 835 3894 cum
860 3830 982 3914 paucis,
998 3842 1031 3894 et
1055 3833 1233 3896 secundum
1258 3855 1328 3897 esse
1353 3858 1420 3900 suae

218 3932 410 3998 minutionis
421 3932 539 3996 diem*
581 3933 752 3996 Attollitur
766 3933 843 3996 hinc
857 3933 933 3996 inde
950 3956 1105 4014 murmur,
1118 3944 1155 3997 ut
1170 3935 1339 4000 obsidione
1355 3960 1422 4001 cer·

220 4035 347 4100 tissima
376 4037 523 4120 cingatur
553 4035 657 4100 hostis
688 4035 898 4120 interceptus.
952 4038 1023 4101 Rex
1053 4049 1160 4101 autem
1191 4039 1283 4104 aliter
1313 4043 1421 4118 sentit,

235 4159 251 4189 θ
267 4157 320 4207 The
331 4157 422 4206 mcond
434 4157 480 4220 day
492 4157 520 4206 of
529 4157 568 4206 his
579 4156 653 4219 being
663 4156 720 4205 bled
730 4173 737 4212 ;
754 4158 857 4206 minatio
868 4173 916 4206 wau
927 4159 969 4206 the
981 4158 1100 4206 medieuul
1109 4165 1171 4207 term
1181 4160 1219 4209 lor
1229 4160 1318 4224 lettiug
1329 4162 1412 4211 blood.
