3608 4862
390 551 432 610 92
803 563 992 611 unaarum
1016 561 1137 608 marus
1188 585 1192 590 -
1404 561 1523 625 [numo.
1536 563 1574 613 11.

390 715 473 782 Haec
500 716 615 782 Graeca
628 715 720 782 fides.
766 717 963 781 Perventum
985 722 1037 779 est
1061 713 1193 778 taudem
1208 711 1250 776 ad
1271 733 1371 793 mare,
1393 713 1481 798 quod
1495 711 1590 778 Beati

392 819 523 902 Georgii
535 817 709 883 Brachium
720 817 848 882 dicitur.
866 816 955 881 Hinc
964 816 1139 903 praemissis
1149 839 1168 880 a
1177 815 1301 880 civibus
1312 816 1589 901 Constantinopo-

389 919 498 984 litanis
515 921 638 986 Graecis
654 921 785 1006 quidem
796 922 905 985 favore
916 919 1100 983 Alexander
1114 928 1148 983 et
1163 939 1275 983 eorum
1290 939 1352 1003 ope
1367 920 1588 998 transfretans,

389 1043 448 1105 per
463 1023 593 1088 Portam
609 1025 773 1090 Dacorum
796 1023 957 1087 admissus
972 1033 1024 1086 est
1038 1022 1115 1087 dato
1129 1020 1233 1107 pretio
1249 1029 1283 1085 et
1300 1021 1523 1087 indemnitatis
1539 1042 1589 1084 se·

389 1125 535 1191 curitate.
580 1127 684 1190 Erant
699 1134 807 1190 autem
822 1125 857 1189 iu
873 1121 1159 1208 Constantinopoli
1172 1131 1341 1186 manentes
1355 1143 1413 1207 per
1425 1120 1588 1186 Manuelia

389 1237 562 1294 attractum
578 1251 659 1314 quos
675 1229 818 1292 Francos
832 1226 1048 1312 appellabant,
1063 1225 1203 1290 exomni
1218 1225 1429 1289 serenatione
1444 1223 1587 1300 adve'nae,

389 1352 472 1414 quos
489 1331 594 1396 Graeci
609 1330 885 1417 persequebantur
900 1327 975 1394 odio
984 1328 1127 1414 pessimo
1142 1349 1201 1413 per
1213 1325 1388 1406 invidiam3
1403 1326 1483 1390 adeo
1498 1325 1585 1390 euim

390 1432 548 1499 exhausta
558 1435 667 1500 astris
680 1456 791 1499 eorum
807 1456 826 1497 a
841 1433 927 1498 bello
938 1434 1080 1517 Trojano
1090 1442 1129 1496 ut
1139 1440 1216 1517 post
1226 1432 1359 1516 Ajacem
1371 1431 1464 1515 cujus
1475 1428 1586 1494 virtuti

390 1536 485 1601 dolus
500 1538 620 1623 injuste
634 1535 814 1623 proevaluit,
828 1534 910 1599 nihil
924 1535 1065 1600 habeant
1090 1535 1125 1598 in
1147 1533 1254 1620 aliquo
1279 1533 1467 1598 Graecorum
1485 1533 1587 1618 jacta·

391 1637 454 1704 bile
468 1642 521 1705 vel
535 1641 694 1719 eminens,
710 1649 744 1704 et
758 1638 856 1703 etiarn
871 1639 951 1703 adeo
966 1647 1005 1702 ut
1018 1639 1102 1702 facta
1124 1637 1168 1702 sit
1189 1638 1235 1702 eia
1258 1637 1417 1702 invidiosa
1438 1633 1584 1701 omnium

391 1742 493 1806 scoria
503 1743 698 1828 populorum
710 1752 744 1806 et
755 1741 861 1806 omnis
876 1741 1014 1826 abjectio
1029 1739 1145 1826 plebis.
1190 1740 1317 1806 Scimus
1329 1739 1416 1805 enirn
1426 1736 1585 1824 quodillic

388 1844 615 1930 applicuerunt
628 1843 883 1930 proscriptorum
895 1853 928 1908 et
940 1843 1188 1928 dampnatorum
1199 1843 1342 1928 fugitivae
1354 1843 1540 1927 phalanges,
1551 1850 1584 1904 et

389 1970 471 2033 quos
494 1971 514 2012 a
532 1947 672 2033 propriis
697 1949 852 2033 profugos
875 1945 941 2030 egit
965 1945 1097 2010 sedibus
1122 1946 1234 2010 innata
1253 1945 1435 2032 malignitas
1461 1955 1583 2009 tantam

387 2053 473 2118 inter
494 2052 627 2117 Grecos
649 2051 758 2136 adepti
778 2060 857 2115 sunt
877 2050 1113 2129 auctoritatem,
1135 2060 1173 2114 ut
1195 2051 1278 2116 livor
1297 2072 1410 2115 eorum
1439 2050 1473 2114 in
1495 2049 1583 2134 ipsos

387 2165 541 2241 tanquam
568 2155 602 2218 in
626 2154 788 2220 redivivos
814 2155 965 2218 exardeat
992 2155 1160 2239 Trojanos.
1205 2155 1283 2219 Non
1312 2155 1442 2219 invideo
1471 2153 1583 2218 titulos

386 2259 501 2344 origini
516 2257 728 2323 sanctissimae
744 2279 840 2342 quam
856 2256 1019 2322 Dominus
1034 2279 1053 2320 a
1075 2257 1168 2322 cunis
1189 2258 1348 2343 usquead
1369 2258 1453 2322 diem
1474 2258 1582 2322 obitus

386 2362 485 2447 siguis
508 2371 542 2426 et
563 2361 725 2426 miraculis
748 2368 799 2425 est
820 2370 1023 2446 prosecutus,
1038 2359 1120 2424 nihil
1141 2361 1276 2426 detraho
1299 2382 1381 2445 quos
1399 2360 1495 2445 elegit
1514 2360 1584 2424 Do·

384 2465 512 2547 minus;
527 2465 568 2530 de
578 2463 736 2530 militibus
748 2463 828 2528 mihi
845 2485 951 2528 sermo
963 2473 1024 2542 est,
1039 2485 1136 2548 quam
1151 2463 1185 2528 id
1195 2485 1298 2548 genus
1313 2463 1348 2527 in
1363 2463 1419 2529 illo
1434 2463 1583 2529 defloruit

385 2567 537 2633 exercitio
560 2567 691 2652 Trojani
714 2565 884 2644 exercitus,
906 2587 967 2630 nec
989 2575 1040 2631 est
1060 2565 1094 2631 in
1117 2565 1180 2631 illis
1194 2566 1365 2631 inventurn
1380 2566 1421 2630 ad
1436 2566 1582 2631 militiam

385 2671 482 2737 decus
497 2681 575 2756 post
588 2671 760 2750 Achillem,
775 2670 920 2754 Ajacem,
935 2677 970 2734 et
982 2668 1174 2755 Tydiden*

599 2855 649 2918 De
664 2851 825 2935 Gillcacop
841 2856 936 2919 Scato
949 2856 1018 2920 uiro
1032 2856 1256 2922 armatam.
1299 2854 1366 2920 xix.

427 2987 505 3052 Vidi
532 2987 640 3052 virum
669 3010 689 3052 a
718 2987 827 3053 Sootia
852 2989 944 3074 cujus
970 2988 1040 3054 laus
1069 2989 1116 3056 ibi
1137 2991 1350 3057 oeternitatem
1373 2991 1491 3078 adepta
1512 3005 1580 3074 est3

385 3113 505 3156 nomen
534 3091 565 3156 ei
591 3091 768 3177 Gillescop,
791 3092 826 3157 id
847 3102 899 3158 eat
920 3093 1104 3180 episcopus.
1150 3095 1216 3159 Hic
1237 3116 1313 3159 cum
1341 3095 1493 3162 omnibus
1515 3098 1581 3162 lere

384 3195 515 3272 ducum,
536 3193 731 3279 principum,
753 3203 786 3259 et
807 3215 919 3279 regum
935 3191 1160 3280 congressibus
1181 3196 1309 3262 illarum
1328 3199 1469 3283 partium
1483 3201 1582 3264 inter·

384 3295 509 3376 fuisset,
532 3295 567 3362 iu
591 3295 725 3382 siugulis
749 3297 817 3361 sive
839 3319 914 3362 cum
935 3296 1112 3363 victoribus
1135 3299 1203 3364 sive
1225 3305 1300 3364 cum
1324 3301 1418 3366 victis
1440 3303 1579 3388 pretium

384 3396 553 3483 utriusque
578 3397 655 3462 tulit
679 3397 827 3483 agminis,
853 3420 873 3461 a
893 3400 1065 3484 juventute
1089 3401 1124 3464 in
1150 3401 1277 3466 senium
1290 3402 1392 3468 felicis
1412 3404 1511 3470 homo
1526 3427 1583 3470 au·

385 3499 494 3580 daciae,
517 3500 570 3565 cui
591 3521 758 3585 nunquam
780 3501 948 3564 temeraria
969 3503 1180 3588 praesumptio
1204 3524 1342 3569 noverca
1365 3514 1426 3584 est,
1451 3529 1526 3571 cum
1546 3507 1581 3574 in

386 3623 483 3668 omne
497 3601 675 3687 periculum
700 3600 792 3686 quasi
807 3623 913 3665 caecus
928 3601 1064 3684 irruerit,
1080 3615 1114 3669 et
1134 3626 1206 3670 raro
1221 3606 1274 3671 rel
1294 3628 1460 3692 nunquam
1482 3617 1581 3676 tantae

384 3702 587 3789 protervitati
602 3703 669 3767 sint
683 3702 790 3788 negati
805 3724 993 3787 successum
1016 3706 1190 3792 episcopus
1203 3729 1271 3772 uon
1286 3730 1326 3774 ex
1341 3709 1448 3775 officio
1463 3711 1579 3793 dictus,

417 3893 433 3923 *
449 3891 510 3941 Thia
524 3891 546 3940 ls
562 3906 578 3941 a
593 3892 693 3941 curium
709 3890 785 3955 procl
797 3891 826 3941 ol
843 3893 886 3941 tha
905 3907 965 3942 cou-
997 3893 1153 3957 timearery
1163 3895 1266 3959 popular
1277 3896 1372 3959 subject
1387 3898 1416 3947 ol
1427 3913 1542 3951 romanae
1553 3902 1579 3950 iu

385 3977 467 4035 tempt
480 3975 507 4021 iu
517 3972 597 4022 which
613 3974 657 4023 the
674 3973 769 4023 Greeks
785 3973 814 4023 of
833 3975 875 4023 the
890 3974 967 4024 lorrar
999 3975 1122 4038 Eugland,
1133 3976 1235 4036 Franca,
1247 3978 1296 4026 aud
1307 3979 1439 4044 Germauy.
1462 3983 1582 4033 tuens·

387 4054 480 4117 empim
496 4069 558 4104 uera
573 4055 692 4117 regarded
712 4053 746 4118 by
761 4054 803 4104 the
825 4057 923 4105 natione
940 4057 969 4106 ol
998 4056 1043 4105 has
1057 4057 1171 4118 Tttr'daa,
1190 4073 1221 4106 au
1232 4059 1332 4110 erideut
1342 4063 1485 4126 comptiou
1496 4065 1525 4115 ol
1538 4065 1581 4114 tha

386 4135 430 4184 tha
447 4134 525 4185 Wert
559 4135 612 4186 'l'lra
626 4135 720 4197 Trojau
734 4150 785 4185 urar
800 4150 848 4186 rrae
870 4143 896 4186 at
916 4138 968 4188 this
999 4139 1077 4189 scriba
1087 4139 1127 4190 lor
1139 4141 1266 4204 tydidem.
