3608 4862
243 564 356 630 ειμι]
599 565 646 608 oe
670 564 781 610 soors
805 563 1030 611 ounrnrnou.
1351 555 1411 612 153

207 733 312 798 lenter
340 735 491 799 auferunt
519 743 553 798 et
581 743 754 800 auctorem.
803 736 877 800 Hoc
907 735 1013 800 solum
1043 735 1172 821 deliqui,
1206 737 1294 822 quod
1322 737 1407 801 vivo.

207 837 442 902 Verumtamen
458 838 521 903 hoc
536 849 640 904 morte
656 861 727 903 mee
742 838 898 924 corrigere
911 839 1083 905 eonsilium
1098 861 1165 904 non
1177 839 1292 905 habeo.
1337 839 1408 904 No·

206 939 294 1004 mina
317 949 430 1006 nostra
452 941 639 1006 nominibus
666 953 867 1006 mortuorum
897 943 931 1007 in
955 943 1051 1008 titulo
1078 942 1211 1006 mutavi.
1256 942 1406 1008 Sciebam

205 1043 292 1106 enim
307 1043 370 1107 hoc
384 1043 519 1128 placere.
565 1043 623 1108 Sin
646 1054 766 1120 autem,
782 1045 977 1130 abjecissent
1000 1046 1098 1125 illam,
1113 1055 1152 1109 ut
1175 1067 1237 1110 me.
1282 1046 1406 1111 Volens

204 1145 302 1230 igitur
316 1147 393 1211 huic
407 1147 538 1212 insulsus
560 1149 728 1233 providere
750 1149 921 1234 paginulas,
949 1171 990 1214 ne
1016 1149 1164 1213 mittatur
1185 1150 1219 1213 in
1242 1171 1405 1214 coenuma

204 1249 287 1334 sugo,
302 1251 401 1315 latere
423 1273 551 1316 mecum
567 1274 637 1316 eam
659 1251 794 1337 jubebo.
840 1252 913 1317 Scio
938 1252 1015 1336 quid
1031 1252 1088 1316 fiet
1112 1261 1189 1336 post
1210 1273 1273 1316 me.
1319 1252 1404 1316 Cum

204 1353 291 1416 enim
306 1353 480 1438 potuerim,
497 1363 568 1418 tum
588 1355 694 1440 primo
710 1355 757 1419 sal
772 1355 917 1440 accipiet,
940 1365 1093 1440 totusque
1116 1354 1178 1420 sibi
1201 1355 1405 1441 supplebitur

204 1456 339 1521 decessu
365 1479 438 1522 meo
461 1458 617 1536 defectus,
643 1468 677 1523 et
698 1459 732 1522 in
756 1459 973 1523 remotissima
998 1459 1187 1544 posteritate
1213 1459 1294 1524 mihi
1308 1460 1404 1524 saciet

204 1561 429 1627 auctoritatem
444 1562 655 1648 antiquitatis,
666 1563 741 1648 quia
751 1574 822 1627 tum
836 1571 874 1626 ut
888 1584 975 1626 nunc
990 1572 1157 1628 vetustum
1173 1585 1309 1648 cuprum
1319 1586 1402 1650 prse-

203 1663 322 1729 feretur
337 1687 416 1730 auro
431 1667 570 1731 novello.
617 1665 790 1730 Simiarum
805 1676 936 1751 tempus
951 1667 1022 1746 erit,
1043 1676 1082 1731 ut
1099 1689 1196 1746 nuno,
1208 1689 1274 1732 non
1297 1668 1403 1733 homi-

202 1787 302 1845 num;
329 1767 404 1852 quie
418 1768 591 1852 proesentis
605 1767 667 1831 sibi
683 1767 877 1832 deridebunt
890 1791 957 1832 non
973 1769 1131 1834 hebentes
1142 1770 1183 1833 ad
1200 1769 1304 1834 bonos
1319 1771 1403 1855 peti-

201 1870 333 1934 entiam.
387 1869 551 1935 Omnibus
576 1870 693 1934 seculis
723 1893 782 1934 sua
802 1871 966 1956 displicuit
989 1873 1198 1953 modernitas,
1222 1883 1256 1938 et
1279 1874 1401 1958 quaevis

201 1982 280 2038 retes
296 1994 314 2035 a
329 1972 433 2057 prima
446 1973 643 2058 praeteritam
660 1972 722 2036 sibi
736 1973 899 2058 praetulit3
922 1974 1010 2039 unde
1033 1977 1107 2060 quia
1129 1998 1196 2040 non
1222 1987 1402 2061 potuerunt

202 2076 373 2160 epistolam
403 2097 509 2140 meam
539 2098 611 2140 mea
641 2087 833 2162 spreverunt
857 2086 1015 2160 tempora.
1059 2079 1130 2142 Nec
1162 2101 1304 2158 moveor,
1327 2081 1403 2165 quia

202 2201 338 2244 mereor.
385 2180 460 2246 Hoc
487 2180 556 2244 solo
580 2180 709 2266 glorior,
735 2179 810 2265 quia
836 2179 876 2244 ab
902 2180 1024 2245 invidie
1049 2190 1141 2245 tutus
1168 2205 1251 2261 sum,
1273 2183 1354 2246 nihil
1368 2184 1402 2247 in

200 2305 252 2346 me
276 2283 414 2367 reperiet
438 2283 526 2368 quod
552 2283 699 2348 mordere
723 2283 884 2366 dignetur.
931 2283 1009 2347 Non
1032 2283 1119 2347 enim
1142 2282 1230 2348 canis
1257 2306 1294 2348 os
1316 2284 1403 2350 rodit

201 2385 335 2464 siccum,
350 2407 409 2451 nec
425 2408 516 2451 venae
531 2408 640 2451 vacuae
656 2386 799 2449 adhoeret
813 2386 940 2451 hirudo.
986 2385 1159 2450 Character
1174 2387 1227 2450 hic
1250 2387 1353 2451 siccus
1369 2397 1402 2452 et

200 2488 372 2572 exsanguis
388 2487 456 2552 sole
470 2487 527 2552 fiet
540 2487 622 2551 liber
636 2487 767 2571 ineptia.
805 2487 841 2550 Si
857 2508 1002 2552 moverer
1011 2497 1044 2551 et
1054 2487 1184 2551 mirarer
1193 2489 1304 2573 magis,
1315 2489 1402 2572 quod

201 2587 400 2653 Gillebertus
431 2588 538 2653 Foliot
560 2610 648 2653 nunc
672 2587 904 2652 Lundunensis
931 2588 1116 2673 episcopus,
1141 2589 1192 2652 vir
1214 2611 1342 2653 morum
1368 2599 1402 2654 et

199 2693 366 2776 sapientire
378 2693 559 2771 thesaurus,
569 2693 659 2756 dives
675 2701 709 2756 et
724 2691 837 2770 clarus,
850 2691 934 2776 stylo
945 2691 1174 2776 limpidissimo
1186 2691 1313 2756 lucidus
1325 2694 1401 2777 quia

202 2794 342 2879 scripsit,
359 2794 478 2858 delirus
495 2795 600 2859 dictus
616 2803 676 2871 est,
692 2816 767 2858 cum
782 2792 864 2856 nihil
879 2793 986 2878 aptius
1003 2816 1063 2859 suo
1079 2815 1175 2878 opere
1192 2794 1297 2880 possit
1311 2795 1401 2860 inve-

196 2897 268 2976 niri,
283 2897 348 2962 nisi
360 2897 435 2983 quia
448 2897 511 2982 legi
527 2896 705 2961 mirabilem
720 2897 812 2961 illum
824 2918 938 2961 cocum
955 2897 1127 2977 dicentem,

459 3033 563 3082 Eminus
575 3039 613 3083 est
623 3034 702 3083 lectus
713 3033 759 3082 tibi
771 3032 852 3082 Roma
862 3033 976 3084 Marone.

197 3157 326 3224 Deinde
340 3180 417 3224 vero
432 3159 588 3245 plangens
605 3160 787 3224 Homerum
803 3157 858 3237 ait,

460 3307 494 3355 Et
507 3321 552 3355 sua
562 3307 670 3356 riserunt
680 3309 792 3368 tempora
803 3304 963 3354 Moeonidem.

198 3420 283 3488 Quis
297 3420 332 3485 in
358 3420 487 3507 scriptis
509 3421 656 3485 Homero
682 3421 805 3505 major?
829 3420 901 3504 quis
917 3420 1056 3484 Marone
1070 3419 1213 3484 felicior?
1233 3421 1304 3504 quis
1320 3441 1397 3484 oon-

195 3522 361 3587 vitiatores
393 3523 510 3586 horum
539 3522 721 3599 attendens,
751 3543 818 3586 non
843 3522 926 3584 ferat
959 3542 1035 3584 suos
1059 3519 1240 3604 patienter?
1310 3520 1393 3586 Quis

195 3624 379 3688 offendatur
401 3648 420 3689 a
441 3625 563 3689 malitia
586 3625 636 3689 sui
657 3623 824 3708 temporis,
837 3646 911 3687 cum
934 3623 1043 3686 omnia
1066 3623 1172 3687 secula
1195 3621 1396 3687 consimilem

194 3727 401 3793 habuerunt?
456 3727 584 3792 Scribas
610 3749 697 3812 ergo,
724 3713 911 3804 Gilleberte,
939 3746 1081 3805 securus,
1107 3735 1145 3789 ut
1175 3725 1293 3789 divinoe
1315 3725 1395 3811 legis

193 3829 279 3894 inter
308 3830 435 3894 occulta
459 3830 578 3908 luceas,
602 3828 776 3912 dulcesque
802 3827 905 3890 nodos
933 3826 1047 3890 mellea
1062 3825 1168 3891 solvas
1194 3825 1395 3910 eloquentie3

195 3931 286 3996 suavi
303 3933 473 3998 serenitate
490 3931 629 3998 salebras
658 3931 746 4016 aperi
773 3928 915 3993 salubres
943 3950 1092 4013 asperum
1119 3929 1254 4014 planens
1276 3928 1347 4008 iter,
1363 3939 1397 3994 et

195 4032 332 4099 reflexos
360 4034 459 4118 dirige
485 4033 591 4099 calles.
635 4033 712 4099 Jam
728 4041 877 4100 senectus
902 4041 936 4097 et
960 4031 1115 4098 librorum
1143 4054 1220 4096 usus
1232 4031 1291 4096 tibi
1306 4033 1396 4098 craci-

237 4156 351 4202 onuu.
377 4157 452 4201 soc.
1240 4155 1261 4196 x
