3610 4852
412 524 473 582 194
835 533 1024 580 cunarum
1048 533 1180 578 uanas.
1414 531 1534 595 [nume.
1547 534 1594 584 w.

408 687 475 752 tius
489 687 559 751 es.''
602 687 708 752 Vocat
725 686 779 751 ille
793 685 929 764 ricinos,
955 694 989 750 et
1012 706 1125 770 passas
1145 682 1260 747 edocet
1282 682 1426 766 injurias.
1473 682 1526 747 Illi
1552 705 1609 748 ne-

408 799 522 874 gantes
538 810 572 852 se
584 789 704 854 vidisse
715 789 767 852 vel
776 788 904 852 audisse
915 787 1080 850 hominem
1093 786 1241 850 derident
1252 807 1337 863 eum,
1349 794 1426 849 etse
1437 785 1610 849 hortantur

408 893 548 956 invicem
563 904 601 956 ut
626 893 727 977 ligent
752 915 838 970 curn,
859 901 893 955 et
917 891 1101 968 emendent,
1117 899 1151 954 et
1165 901 1424 973 perseverantem
1446 889 1608 974 lapidibus

410 1006 526 1080 cogant
541 995 626 1060 exire
642 996 738 1060 foras.
783 994 939 1059 Similiter
953 991 1163 1077 postmodum
1179 1003 1213 1054 et
1227 990 1421 1074 ajudicibus
1433 991 1609 1076 repellitur,

410 1108 531 1162 etcum
547 1120 648 1161 unum
664 1097 808 1161 inveniat
822 1096 941 1181 ubique
956 1095 1084 1158 vultum
1105 1103 1138 1158 et
1152 1094 1250 1158 verba
1265 1093 1391 1172 similia,
1416 1115 1450 1156 se
1464 1093 1608 1180 undique

409 1200 542 1284 respicit
556 1210 589 1264 et
605 1200 822 1264 sciscitatore
845 1199 913 1261 suis
939 1197 1012 1283 quis
1028 1196 1081 1273 sit,
1104 1205 1138 1258 et
1159 1195 1294 1258 undeet
1312 1197 1475 1280 quomodo
1498 1218 1550 1262 res
1572 1219 1608 1262 ee

409 1303 537 1383 habeat,
560 1314 672 1368 contra
698 1326 792 1367 suam
813 1302 948 1366 veniens
972 1300 1105 1363 omnino
1130 1297 1323 1362 sententiam
1350 1299 1458 1362 minus
1484 1299 1546 1361 sibi
1569 1299 1609 1364 dc

410 1425 445 1469 sc
461 1427 555 1490 quarn
573 1405 642 1468 aliis
659 1405 803 1468 credens.
849 1403 902 1465 Illi
917 1413 1025 1465 autem
1041 1422 1115 1464 cum
1138 1400 1208 1464 aliis
1231 1422 1250 1463 a
1276 1399 1378 1464 Saeva
1404 1401 1547 1486 corrupti
1570 1423 1610 1466 ex

410 1509 508 1572 bursa
530 1509 599 1592 ejus
615 1508 803 1591 loquuntur.
848 1506 906 1570 Ait
920 1505 1018 1589 igitur
1033 1526 1072 1568 ex
1087 1503 1138 1567 his
1154 1526 1238 1567 unus
1257 1503 1309 1568 cui
1324 1526 1443 1568 nomen
1461 1504 1609 1583 Baratus,

409 1615 432 1648 “
447 1611 600 1688 Domine,
615 1633 676 1674 nos
691 1611 737 1674 rei
748 1609 916 1673 veritatem
933 1607 1064 1683 scimus,
1087 1606 1145 1668 scd
1160 1615 1197 1668 tu
1212 1605 1307 1668 nobis
1322 1619 1388 1668 tam
1404 1617 1552 1670 austerus
1575 1629 1609 1671 es

410 1723 525 1777 ettam
549 1713 713 1797 hispidum
737 1712 831 1776 nobis
848 1712 928 1775 dans
940 1709 1158 1794 supercilium,
1179 1719 1217 1772 ut
1231 1731 1303 1793 quoe
1318 1731 1393 1772 vcra
1408 1710 1527 1774 scimus
1543 1732 1609 1794 prro

410 1817 527 1881 timore
551 1827 608 1879 tuo
638 1815 840 1879 dissimulare
864 1824 1021 1898 oporteat.
1067 1811 1198 1874 Mansio
1224 1824 1281 1875 tua
1306 1822 1340 1875 ct
1369 1812 1483 1892 Biblis,
1513 1835 1610 1898 quarn

411 1918 465 1982 hic
489 1915 617 2002 quaeris,
640 1925 691 1980 est
715 1917 898 1993 Ravennae3
925 1915 952 1978 si
967 1912 1061 1977 vobis
1084 1935 1151 1976 non
1166 1913 1326 1998 displicet,
1349 1935 1461 1978 eamus
1487 1924 1525 1978 ut
1546 1915 1611 1979 illic

410 2021 556 2085 invenias
581 2020 668 2104 quod
690 2020 743 2084 hic
764 2030 796 2083 te
819 2019 923 2082 credis
945 2016 1099 2081 vidisse.’'
1145 2017 1276 2100 Papiam
1298 2017 1396 2100 igitur
1421 2028 1555 2096 exeunt,
1578 2028 1612 2082 et

410 2135 507 2188 nocte
529 2124 633 2208 prima
655 2122 778 2187 itineris
794 2145 812 2186 a
828 2122 896 2186 suis
912 2121 1095 2197 derelictus,
1111 2119 1176 2183 fere
1192 2141 1259 2204 prm
1275 2120 1397 2203 pudore
1413 2143 1487 2186 vere
1507 2123 1610 2184 factus

411 2239 603 2304 estoniens3
619 2227 762 2311 perditas
773 2225 863 2289 videt
872 2246 1003 2308 magnas
1014 2223 1182 2287 facultates
1198 2235 1314 2306 praeter
1324 2223 1408 2286 solas
1423 2245 1478 2286 eas
1493 2223 1611 2308 quibus

412 2329 583 2408 incumbit,
598 2340 744 2415 pastores
761 2351 838 2392 suos
854 2329 932 2407 adit,
956 2340 1172 2410 vacuatosque
1191 2325 1330 2389 ovilibus
1346 2326 1478 2390 mobilia
1495 2327 1612 2411 quibus

412 2433 543 2517 injicere
554 2443 663 2516 potest
677 2434 793 2497 hamos
809 2431 951 2495 abducit.
996 2429 1148 2513 Sequitur
1160 2450 1233 2492 eum
1250 2429 1367 2492 auditis
1383 2429 1569 2494 rumoribus
1581 2441 1614 2496 et

413 2535 622 2620 consequitur
648 2535 760 2612 Sceva,
780 2535 889 2618 ipsum
914 2553 1023 2597 secum
1047 2531 1180 2614 ligatum
1205 2531 1295 2616 quasi
1309 2533 1411 2596 furem
1428 2533 1531 2616 copiae
1547 2553 1613 2598 suec

412 2635 556 2699 retrahit.
614 2635 723 2698 Timet
743 2633 819 2697 Ollo
839 2631 977 2715 judices,
1000 2638 1033 2694 ct
1054 2650 1121 2714 prae
1136 2629 1259 2713 pudore
1275 2641 1417 2694 venturae
1443 2631 1613 2696 derisionis

414 2758 545 2800 omnem
568 2736 695 2822 abjurat
719 2737 829 2802 Scevae
851 2731 1056 2798 calumniam.
1098 2731 1202 2796 Crede
1223 2733 1303 2796 mihi
1318 2754 1369 2796 res
1384 2745 1434 2798 est
1449 2733 1614 2820 ingeniosa

416 2838 524 2904 dare*

592 2975 735 3060 Erplicit
748 2976 907 3040 distinctio
922 2980 1040 3056 quarta
1056 2975 1222 3056 Nuyarum
1240 2974 1427 3040 Coriallum.

776 3153 792 3187 *
810 3154 883 3206 ovid.
897 3154 983 3204 Amor.
996 3153 1039 3202 lib.
1050 3153 1067 3202 i.
1077 3152 1108 3202 cl.
1118 3151 1168 3201 viii.
1180 3152 1198 3201 l.
1211 3153 1250 3202 62.
1262 3189 1265 3195 Δ
