3610 4852
398 511 461 569 238
807 526 1010 571 cucurum
1035 524 1156 568 uncus
1418 521 1585 584 [nomeu.

396 695 624 778 agnoscimus3
658 695 686 760 si
710 717 769 780 per
794 717 915 759 annum
949 704 1040 760 extre
1062 690 1258 770 steterimus,
1281 713 1366 758 nove
1387 691 1599 758 redeuntibus

396 797 534 861 occurrit
548 797 657 876 facies,
671 807 705 862 et
719 797 796 862 novi
812 819 936 862 sumus.
982 795 1172 860 Invenimus
1198 793 1239 857 eb
1264 793 1376 858 olienis
1402 793 1597 858 domesticos

396 900 632 984 supplantatos,
647 910 682 965 et
696 899 846 965 dominos
861 922 880 964 a
895 899 1006 964 serris.
1051 898 1176 964 Eadem
1202 896 1332 981 quidem
1357 905 1408 960 est
1427 896 1524 976 curia,
1540 897 1598 962 sed

395 1011 520 1065 mutata
530 1011 607 1066 sunt
619 1001 773 1067 membre.
812 1002 1011 1088 Porphyrius
1023 1001 1101 1066 dicit
1111 1021 1213 1084 genus
1223 1021 1294 1064 esse
1306 997 1547 1063 multitudinem
1561 1020 1596 1064 se

395 1103 635 1188 quodammodo
651 1104 691 1167 ed
705 1124 808 1168 unum
824 1102 998 1168 habentem
1016 1101 1221 1187 principium.
1267 1100 1366 1166 Curio
1388 1110 1474 1166 certe
1494 1107 1597 1185 genus

394 1227 461 1270 non
487 1216 548 1284 est,
574 1227 649 1270 cum
674 1215 783 1270 tamen
807 1204 994 1290 hujusmodi
1021 1204 1073 1269 sit.
1118 1203 1205 1268 Nam
1228 1204 1403 1268 multitudo
1427 1225 1540 1268 sumus
1554 1202 1596 1268 cd

395 1308 563 1372 dominum
587 1329 695 1395 regem
720 1329 756 1372 se
782 1309 989 1392 quodsmodo
1014 1307 1149 1386 hebens,
1165 1307 1318 1392 quoniam
1333 1307 1379 1372 illi
1395 1307 1456 1372 soli
1470 1307 1595 1393 placere

393 1409 604 1474 contendens.
648 1409 813 1494 Scriptum
828 1419 879 1474 est
893 1409 934 1474 de
948 1410 1089 1488 fortuna,
1099 1409 1186 1494 quod
1198 1409 1267 1474 sole
1276 1408 1454 1473 mobilitate
1470 1407 1594 1474 stabilis

393 1513 474 1578 est*
519 1509 617 1574 Curis
641 1510 772 1574 fortuna
797 1532 864 1575 non
890 1519 959 1590 est3
987 1511 1022 1574 in
1048 1522 1140 1576 motu
1169 1519 1277 1575 temen
1302 1509 1512 1576 immobiliter
1533 1520 1594 1575 ert.

393 1613 561 1678 Internum
583 1611 692 1677 locum
715 1612 874 1697 poenclem
892 1612 1025 1693 dicunt3
1057 1611 1209 1696 quicquid
1232 1611 1352 1698 aliquid
1373 1611 1408 1674 in
1432 1633 1467 1676 se
1491 1613 1594 1678 conti-

391 1725 459 1794 net,
485 1716 576 1780 locus
602 1724 673 1794 cst3
697 1715 743 1779 sic
767 1725 801 1778 et
826 1715 914 1780 curis
938 1715 1040 1794 loeus,
1063 1714 1223 1799 numquid
1248 1725 1282 1780 et
1302 1714 1461 1798 poenalis?
1497 1715 1593 1781 Certe

390 1819 538 1906 poenalis,
553 1829 586 1883 et
600 1819 663 1882 hoc
678 1819 883 1883 solummodo
899 1817 1007 1882 mitior
1021 1818 1159 1898 inferno,
1169 1819 1256 1903 quod
1267 1820 1349 1883 mori
1357 1829 1498 1904 possunt
1512 1840 1593 1904 quos

387 1921 459 2007 ipsa
482 1931 622 2007 torquet.
667 1920 887 1998 Macrobiu's†
902 1921 1017 1986 asserit
1030 1921 1327 2007 antiquissimorum
1341 1921 1443 1986 luisse
1463 1933 1592 1987 senten·

389 2028 479 2105 tiam,
494 2026 657 2091 infernum
680 2025 762 2090 nihil
788 2025 875 2090 aliud
900 2047 972 2090 esse
997 2048 1093 2111 quem
1109 2046 1228 2110 corpus
1249 2026 1440 2105 humanum,
1455 2026 1490 2090 in
1505 2027 1592 2111 quod

389 2129 496 2192 anime
510 2128 634 2213 dejecta
649 2125 854 2190 tenebrarum
870 2127 1049 2192 foeditstem
1064 2127 1232 2192 horrorem
1247 2128 1391 2192 sordium
1406 2128 1539 2213 patitur,
1559 2140 1592 2196 et

389 2249 589 2315 quaecunque
603 2227 750 2292 fabulose
765 2229 917 2292 dicuntur
931 2227 966 2291 in
989 2229 1116 2292 inferno
1141 2228 1241 2293 fuisse
1256 2251 1372 2314 poenae,
1387 2230 1494 2296 conati
1511 2241 1590 2296 sunt

388 2334 550 2418 assignare
565 2332 705 2416 singulas
720 2332 755 2395 in
770 2331 940 2417 sepulchro
953 2331 1096 2416 corporis
1110 2332 1256 2411 humani,
1265 2333 1353 2418 quod
1367 2333 1442 2418 quie
1457 2333 1590 2419 longum

388 2447 440 2504 est
465 2436 672 2520 distinguere,
691 2435 867 2520 leviterque
890 2444 1002 2520 potest
1023 2435 1101 2498 elios
1126 2435 1248 2513 heberi,
1274 2436 1479 2502 dimittimus.
1524 2438 1590 2504 Sed

389 2540 417 2603 si
439 2561 556 2624 corpus
571 2540 749 2604 humanum
766 2538 871 2622 aliqua
885 2537 972 2602 valet
987 2538 1198 2603 similitudine
1218 2539 1282 2604 dici
1305 2561 1411 2604 carcer
1434 2549 1468 2606 et
1492 2541 1591 2607 chaos

389 2642 515 2722 anime,
530 2663 628 2727 querc
643 2663 710 2706 non
726 2641 815 2706 curie
829 2651 896 2705 tem
912 2641 1056 2726 corporis
1072 2662 1169 2725 quem
1185 2642 1311 2707 animm.

682 2779 743 2842 Styx
753 2779 846 2838 odium,
859 2778 1009 2841 Phlegethon
1020 2778 1101 2836 ardor,
1114 2778 1205 2826 oblirio
1219 2777 1319 2838 Lethes,

647 2859 760 2922 Cocyton
771 2861 860 2919 luctus,
872 2860 942 2910 triste
954 2866 1043 2909 sonent
1053 2860 1176 2918 Acheron,

385 2977 419 3040 in
443 2975 531 3039 curia
555 2983 667 3038 nostre
693 2984 779 3038 sunt.
810 2975 851 3038 In
876 2974 929 3038 his
953 2995 1122 3059 poennrum
1137 2975 1305 3039 volumine
1324 2977 1569 3042 confunduntur
1577 3003 1586 3059 3

384 3081 420 3144 in
448 3077 499 3141 his
529 3076 638 3139 omnia
666 3075 860 3160 flagitiorum
892 3097 1009 3160 genera
1038 3059 1227 3161 puniuntur.
1287 3079 1366 3142 Non
1403 3089 1455 3144 est
1482 3088 1587 3144 trans-

383 3179 505 3267 gressio
521 3179 572 3244 cui
587 3201 654 3243 non
668 3179 720 3242 his
736 3188 768 3242 et
783 3178 880 3242 etiem
895 3178 1085 3243 fluminibus
1099 3180 1315 3266 oequiperetur
1328 3181 1420 3246 ultio.
1473 3183 1587 3247 Parem

384 3284 437 3348 hic
451 3283 576 3346 invenit
590 3304 703 3347 omnes
719 3282 863 3367 nequitia
878 3283 1042 3360 malleum,
1054 3291 1087 3345 et
1095 3283 1243 3347 videatur
1259 3285 1349 3348 Deus
1364 3285 1398 3347 in
1414 3284 1465 3349 his
1480 3286 1587 3350 flumi-

383 3386 479 3452 nibus
489 3387 577 3450 furor
588 3395 712 3464 tuus,et
721 3385 755 3448 in
766 3386 829 3450 hoc
839 3385 1018 3470 indignatio
1028 3394 1084 3449 tus
1094 3385 1183 3450 viuri.
1208 3386 1401 3473 CuriaeStyx
1413 3389 1586 3453 estodium

383 3489 478 3554 nobis
492 3489 665 3552 immotum
681 3509 719 3552 ex
734 3497 847 3551 nostro
858 3488 910 3550 vel
924 3487 1029 3551 alieno
1044 3487 1143 3568 viti03
1167 3489 1379 3574 Phlegethon,
1391 3491 1586 3577 srdoreupi-

383 3591 493 3655 ditatis
525 3601 558 3654 et
593 3591 674 3670 irae3
711 3590 833 3654 Lethes
870 3588 989 3654 oblivio
1023 3589 1172 3656 beneficii
1201 3592 1352 3657 creatoris
1385 3603 1419 3658 et
1446 3593 1585 3679 promis-

382 3694 482 3758 sionis
511 3693 546 3756 in
575 3691 770 3778 baptismate
805 3693 909 3772 detae;
948 3693 1104 3778 Cocytus,
1128 3696 1236 3760 luctus
1266 3717 1307 3760 ex
1336 3697 1457 3761 nostris
1483 3697 1580 3761 nohis

379 3796 522 3860 inflictus
538 3796 734 3875 excessibus,
760 3797 814 3881 qui
841 3797 893 3860 vic
916 3796 1086 3883 multiplici
1101 3820 1175 3863 cum
1200 3799 1256 3863 illo
1281 3821 1419 3884 nequam
1439 3800 1582 3881 advenit,

414 3951 430 3985 *
448 3951 583 4011 Boethius,
592 3951 630 4000 De
640 3951 767 4000 Consolnt.
777 3951 869 4001 Philos.
882 3951 925 4000 lib.
935 3952 959 4000 li.
994 3952 1032 4011 10,
1052 3954 1100 4001 sud
1119 3967 1233 4017 compare
1248 3954 1269 4002 it
1287 3953 1346 4002 with
1366 3953 1417 4002 this
1436 3953 1537 4018 chapter
1555 3954 1585 4003 ol

383 4047 457 4094 prose
469 4035 492 4078 l.
527 4032 572 4080 See
583 4031 678 4088 before,
692 4032 734 4080 the
747 4039 804 4080 uoto
812 4047 845 4080 on
856 4047 882 4095 p.
892 4033 918 4079 2.
993 4033 1087 4083 Walter
1099 4035 1195 4099 Mepes‚
1208 4037 1261 4086 who
1273 4038 1316 4085 hes
1326 4036 1456 4085 borrowcd
1467 4051 1541 4100 many
1553 4035 1583 4084 ol

410 4114 426 4174 †
446 4111 490 4160 See
503 4111 615 4160 Macrob.
627 4112 651 4160 iu
671 4111 755 4161 Somn.
770 4113 836 4175 Scip.
849 4113 892 4162 lib.
905 4114 922 4162 i.
935 4131 957 4162 c.
992 4115 1031 4164 his
1038 4117 1106 4166 idere
1118 4117 1181 4166 from
1194 4118 1236 4166 the
1249 4117 1290 4165 old
1303 4118 1400 4167 Romen
1413 4119 1504 4167 writer.
