3608 4862
365 501 405 558 82
799 509 987 554 ausuram
1012 509 1134 553 ussus
1380 507 1501 571 [ursana.
1514 508 1551 558 11.

364 664 463 730 libras
478 685 602 728 annuas
617 663 720 728 iacere
735 660 877 726 dominis
893 661 970 726 suis.
996 660 1191 726 Audivimus
1207 659 1371 725 daemones
1386 660 1521 725 incubos
1536 670 1570 726 et

367 768 538 846 succubus,
548 776 581 832 et
592 766 784 832 concubitus
793 787 905 830 eorum
918 765 1135 850 periculosos3
1156 763 1318 828 haeredem
1331 773 1441 828 autem
1456 785 1568 830 eorum

367 881 425 934 aut
440 870 586 935 sobolem
604 869 689 934 felici
708 868 773 933 fine
790 866 919 932 beatam
939 867 974 932 in
1000 864 1140 952 antiquis
1164 863 1309 930 historiis
1336 876 1394 931 aut
1415 887 1487 932 raro
1513 875 1569 932 sut

367 995 533 1059 nunquam
549 973 697 1058 legimus,
711 981 750 1033 ut
764 969 886 1034 Alnodi
901 969 957 1055 qui
971 979 1075 1034 totam
1089 968 1312 1034 haereditatem
1328 991 1420 1034 suam
1437 968 1568 1034 Christo

367 1097 427 1160 pro
443 1075 579 1142 sanitate
595 1097 654 1140 sus
668 1072 829 1151 retribuit,
843 1081 878 1137 et
891 1072 926 1136 iu
941 1072 1012 1158 ejus
1028 1071 1191 1158 obsequiis
1206 1073 1373 1138 residuum
1388 1073 1464 1140 vitas
1478 1095 1569 1161 pere-

367 1178 480 1264 grinus
495 1178 660 1264 expendit.

645 1347 728 1414 Itan
742 1347 780 1412 de
795 1348 908 1413 eudem
923 1347 1183 1429 apparitionibus.
1228 1347 1295 1412 xiii.

411 1488 443 1551 A
465 1485 613 1563 fantasia,
628 1485 715 1570 quod
730 1493 780 1548 est
795 1484 953 1570 apparitio
968 1483 1140 1562 transiens,
1161 1483 1277 1549 dicitur
1298 1485 1458 1550 fantasma
1467 1509 1476 1565 3
1505 1487 1568 1552 illae

369 1590 456 1655 enim
472 1586 668 1674 apparentia
684 1609 763 1673 quas
779 1586 939 1673 aliquibus
955 1587 1119 1652 interdum
1135 1589 1299 1654 daemones
1314 1611 1372 1674 per
1388 1611 1422 1654 se
1437 1591 1568 1670 iaciunt,

369 1718 388 1758 a
403 1695 476 1757 Deo
490 1691 580 1777 prius
596 1700 727 1775 accepta
738 1691 878 1770 licentia,
890 1700 947 1755 aut
956 1693 1147 1758 innocenter
1157 1703 1328 1758 transeunt
1339 1703 1395 1758 sut
1405 1703 1570 1773 nocenter,

371 1795 549 1860 secundum
565 1792 653 1878 quod
668 1795 832 1858 Dominus
847 1794 1005 1858 inducens
1021 1817 1075 1860 eas
1090 1804 1148 1859 aut
1163 1806 1332 1861 conservat
1343 1806 1399 1860 aut
1411 1795 1571 1861 deseritet

370 1897 523 1982 temptari
537 1895 715 1982 permittitr
735 1904 769 1960 et
784 1897 861 1982 quid
873 1897 984 1961 dehiis
995 1897 1174 1963 fantasticis
1190 1898 1362 1963 dicendum
1372 1897 1500 1963 casibus
1514 1899 1570 1984 qui

369 2010 504 2065 manent
526 2009 560 2064 et
573 1998 661 2064 bona
675 2022 711 2065 se
726 1999 929 2064 successione
948 2010 1156 2086 perpetuant,
1179 2010 1218 2065 ut
1240 2002 1293 2065 hic
1316 2001 1437 2066 Alnodi
1461 2011 1495 2066 et
1517 2002 1570 2067 ille

370 2103 543 2168 Britonum
567 2103 608 2167 de
632 2124 696 2187 quo
721 2103 881 2188 superius,
905 2103 939 2168 iu
964 2125 1029 2190 quo
1050 2104 1168 2169 dicitur
1182 2105 1274 2168 miles
1290 2105 1421 2189 quidam
1436 2126 1569 2170 uxorem

370 2228 461 2272 suam
479 2206 631 2289 sepelisse
645 2227 757 2272 revera
772 2215 944 2284 mortuam,
960 2215 993 2270 et
1008 2227 1026 2270 a
1041 2206 1158 2270 chorea
1171 2206 1358 2270 retribuisse
1378 2217 1515 2293 raptam,
1538 2219 1572 2272 et

370 2311 580 2396 postmodum
605 2331 645 2374 ex
669 2332 707 2374 ea
729 2309 814 2373 filios
838 2319 872 2373 ct
895 2321 1031 2395 nepotes
1057 2309 1251 2395 suscepisse,
1276 2321 1309 2374 et
1330 2311 1504 2395 perdurare
1518 2333 1570 2376 so-

371 2414 478 2478 bolem
505 2413 537 2477 in
556 2413 642 2477 diem
657 2413 769 2493 istum,
794 2423 827 2478 et
842 2435 898 2478 eos
914 2414 970 2499 qui
985 2423 1151 2478 traxerunt
1166 2413 1241 2477 inde
1257 2412 1413 2499 originem
1432 2415 1465 2477 in
1489 2415 1569 2479 mul·

370 2517 544 2582 titudinem
559 2518 674 2596 factos,
694 2517 749 2603 qui
775 2539 889 2581 omnes
912 2517 990 2581 inde
1004 2519 1071 2600 filii
1090 2523 1221 2580 mortae
1236 2517 1398 2597 dicuntur,
1412 2517 1570 2583 audienda

371 2631 448 2684 sunt
463 2642 561 2706 opera
585 2630 619 2684 ct
641 2619 871 2704 permissiones
886 2620 1022 2685 Domini
1045 2641 1120 2684 eum
1144 2621 1232 2684 omni
1252 2620 1417 2704 patientia,
1443 2630 1477 2686 et
1500 2621 1569 2706 ipse

371 2722 553 2787 laudandus
569 2722 603 2787 in
619 2723 764 2806 singulis,
780 2723 855 2806 quia
879 2722 1056 2808 sicutipse
1081 2722 1416 2806 incomprehensibilis
1440 2732 1502 2802 est,
1525 2723 1570 2788 sic

370 2846 469 2909 opera
494 2847 553 2888 sua
582 2835 710 2888 nostras
740 2825 976 2888 transcendunt
1004 2825 1242 2911 inquisitiones,
1271 2834 1306 2890 et
1335 2826 1570 2912 disputationes

371 2927 524 3007 evadunt,
547 2936 581 2993 et
606 2927 757 3013 quicquid
782 2927 822 2992 de
845 2927 985 3012 puritate
1009 2929 1112 3014 ipsius
1133 2928 1261 2994 anobis
1277 2929 1449 3014 excogitari
1463 2939 1572 3015 potest

372 3036 429 3092 aut
444 3029 528 3108 sciri,
544 3029 571 3092 si
586 3029 664 3115 quid
680 3029 811 3108 scimus,
822 3029 856 3093 id
870 3028 1010 3094 vidimus
1024 3030 1153 3109 habere,
1168 3052 1241 3094 oum
1258 3039 1347 3094 totus
1362 3033 1433 3116 ipse
1447 3033 1490 3095 sit
1498 3053 1572 3097 vera

371 3131 495 3216 puritas
510 3142 544 3197 et
558 3154 640 3218 pura
654 3133 782 3198 veritas.

645 3305 723 3370 Item
738 3307 777 3371 de
791 3305 905 3371 eisdem
920 3307 1180 3389 apparitionibus.
1224 3305 1302 3391 xiiij.

417 3439 515 3507 Miles
526 3443 657 3528 quidam
666 3465 685 3506 a
694 3442 858 3508 carissima
867 3441 928 3506 sibi
939 3441 1025 3506 bons
1037 3441 1167 3526 quidem
1180 3451 1213 3506 et
1227 3441 1329 3506 nobili
1341 3464 1441 3508 uxore
1452 3443 1571 3529 prirno-

370 3546 517 3632 genitum
532 3546 638 3631 primo
654 3569 748 3612 mane
767 3555 845 3633 post
861 3547 933 3630 ejus
948 3546 1150 3611 nativitatem
1171 3546 1356 3631 jugulatum
1370 3547 1523 3632 repperit,
1537 3547 1571 3611 in

372 3649 465 3734 cujus
491 3659 526 3713 et
551 3671 636 3714 anno
663 3649 811 3713 revoluto
836 3649 1026 3726 secundum,
1047 3656 1080 3711 et
1101 3647 1197 3712 tertio
1222 3647 1369 3714 similiter
1383 3649 1525 3730 tertium,
1540 3660 1573 3715 et

371 3751 518 3815 omnium
535 3774 668 3816 suorum
683 3751 828 3817 excubiis
843 3750 994 3815 flebiliter
1009 3751 1139 3816 delusis.
1171 3752 1401 3816 Praevenerunt
1416 3775 1491 3837 ergo
1502 3753 1572 3838 ipse

371 3862 404 3916 et
420 3874 500 3917 uxor
516 3875 574 3917 sus
590 3855 703 3939 suique
720 3863 869 3939 quartum
890 3854 1098 3939 puerperium
1119 3853 1252 3938 jejuniis
1267 3865 1301 3918 et
1315 3854 1518 3920 eleemosinis
1538 3864 1570 3918 et

374 3955 576 4020 orationibus
601 3968 634 4022 et
657 3957 796 4022 lacrimis
822 3957 945 4035 multis,
968 3967 1128 4042 natusque
1153 3965 1204 4021 est
1219 3956 1264 4021 eis
1280 3979 1371 4042 puer,
1387 3979 1482 4042 quem
1498 3979 1572 4021 cum

375 4054 422 4118 eis
437 4055 567 4140 ignibus
594 4058 798 4145 lampadibus
814 4057 1060 4138 circumdantes,
1080 4067 1150 4123 tota
1172 4057 1290 4122 vicinia
1313 4079 1427 4123 omnes
1443 4059 1476 4122 in
1499 4080 1574 4123 eum
