3610 4852
276 540 386 603 cipe]
642 541 689 584 os
714 541 824 588 ausis
849 539 1073 588 consumunt.
1396 531 1460 590 209

258 707 355 792 regali
374 708 472 774 vertit
485 707 675 792 imperium:
699 709 720 746 “
732 709 885 776 Chnutus
900 712 1080 798 Anglorum
1096 721 1129 776 et
1152 711 1262 778 Deciae
1281 733 1340 776 rex
1355 711 1459 776 unicis

258 833 326 876 suae
340 812 564 896 prosperitatis
579 813 776 878 amatoribus
791 813 903 893 Dacis,
924 816 1012 900 quod
1038 815 1127 880 omni
1151 825 1297 901 tempore
1316 816 1405 901 pacis
1427 824 1461 878 et

258 911 334 977 belli
345 913 482 980 fideliter
497 922 531 978 et
545 923 675 980 strenue
691 927 887 981 meruerunt.
933 917 1021 981 Scire
1032 939 1091 981 vos
1107 916 1200 981 decet
1214 917 1300 1000 quod
1317 939 1414 980 sanus
1427 925 1460 982 et

256 1015 428 1081 incolumis
443 1017 544 1082 totius
560 1018 685 1103 Angiite
705 1019 879 1085 monarcha
893 1040 1003 1104 regno,
1023 1020 1110 1104 quod
1125 1022 1198 1085 Deo
1221 1031 1348 1104 gratum
1364 1042 1459 1106 spero

258 1121 314 1206 qui
329 1141 381 1184 me
397 1119 505 1204 dirigit
520 1131 557 1184 ut
576 1119 679 1184 Jacob
695 1143 792 1206 quem
807 1122 938 1186 amavit.
983 1123 1053 1207 Ipsi
1072 1132 1179 1208 grates
1194 1146 1265 1206 ogo,
1280 1126 1460 1208 vestrisque

257 1222 419 1310 precibus,
450 1223 544 1288 latori
568 1243 645 1288 vero
671 1225 891 1309 praesentium,
916 1224 1172 1291 Eboracensium
1202 1227 1325 1306 comiti,
1356 1226 1459 1290 domi-

257 1348 365 1412 noque
389 1327 578 1406 Lincolniae,
605 1325 794 1412 Notingom‚
821 1327 1017 1408 Leicestrioe,
1041 1329 1188 1409 Cestriae,
1213 1331 1459 1409 Huntendunae,

256 1430 519 1510 Northamtunoe,
536 1429 759 1509 Gloucestriae,
775 1429 893 1515 quique
915 1431 1010 1496 nobis
1031 1431 1087 1497 diu
1112 1433 1232 1497 restitit
1248 1433 1459 1512 Herefordiae‚

257 1533 359 1618 magis
374 1533 506 1598 obnoxii
522 1551 635 1596 sumus
647 1555 686 1597 ex
704 1532 814 1597 debito
826 1555 922 1618 quam
937 1534 991 1598 alii
1002 1535 1137 1615 viventi,
1149 1537 1242 1620 cujus
1254 1535 1334 1599 mihi
1344 1557 1458 1600 manus

256 1659 369 1721 pacem
384 1636 501 1720 adegit,
516 1635 619 1698 virtus
635 1646 667 1700 et
683 1637 840 1720 sapientia
859 1637 1068 1723 tranquillum
1083 1639 1159 1703 facit
1177 1660 1324 1723 regnum.
1370 1637 1459 1702 Huic

256 1750 409 1823 tanquam
435 1737 624 1802 fidelissimo
653 1759 727 1802 meo
751 1759 861 1802 curam
887 1749 921 1802 et
946 1739 1192 1825 dispositionem
1218 1740 1322 1805 totius
1348 1741 1458 1806 Dnciae

255 1841 414 1920 commisi,
431 1859 638 1926 sororemque
653 1863 759 1906 meam
774 1862 909 1906 uxorem
925 1843 1009 1922 dedi,
1033 1845 1126 1929 cujus
1149 1844 1223 1909 volo
1247 1844 1370 1909 subditi
1388 1844 1458 1908 sitis

255 1945 391 2030 imperio
408 1944 477 2009 sine
493 1943 722 2009 controversia.
766 1943 945 2010 Valete.'’*

266 2131 320 2198 De
327 2136 435 2217 prino
450 2133 592 2198 Henrico
608 2153 680 2218 repe
694 2133 868 2217 Anplomm
880 2141 909 2198 et
922 2133 1090 2198 Lodcwico
1100 2154 1173 2218 repe
1184 2136 1387 2199 Francorum.
1410 2157 1442 2200 v.

298 2271 459 2336 Henricus
474 2293 532 2335 rex
546 2267 683 2356 Angliae,
698 2279 790 2356 pater
804 2271 916 2334 matris
927 2271 997 2355 ejus
1015 2271 1148 2336 Henrici
1160 2272 1216 2356 qui
1230 2293 1319 2336 nunc
1334 2283 1455 2357 regnat,

251 2375 301 2440 vir
316 2374 469 2459 providus
485 2384 519 2438 et
533 2374 621 2459 pacis
637 2383 772 2453 amator,
794 2395 902 2458 regem
919 2374 1062 2438 Franciae
1082 2373 1284 2438 Lodovicum
1306 2397 1455 2459 grossum

252 2500 326 2543 cum
342 2478 484 2542 exercitu
500 2499 559 2542 suo
575 2475 808 2561 superbissimo
824 2476 962 2541 confecit
987 2477 1021 2552 in
1041 2475 1127 2540 bello
1147 2479 1243 2562 juxta
1258 2476 1455 2557 Gisorcium,

251 2593 286 2647 et
300 2582 389 2646 dedit
402 2581 436 2644 in
452 2582 572 2665 fugam,
587 2579 754 2664 victorque
769 2601 918 2643 reversus
934 2580 1084 2666 Angliam
1107 2581 1297 2665 pacificavit,
1322 2603 1341 2644 a
1363 2590 1454 2665 patre

252 2707 312 2750 suo
326 2684 503 2749 Willielmo
530 2684 688 2748 Bastardo
715 2683 940 2768 conquisitam,
963 2693 997 2747 et
1021 2705 1080 2747 nec
1103 2705 1162 2768 per
1186 2684 1293 2768 ipsum
1317 2683 1454 2748 Williel·

250 2807 340 2848 mum
355 2804 415 2847 nec
429 2804 487 2868 per
497 2782 601 2846 filium
617 2791 650 2846 et
666 2803 884 2846 successorem
899 2783 970 2866 ejus
992 2781 1205 2846 Willielmum
1215 2783 1349 2846 Ruffum
1365 2804 1453 2847 com-

249 2888 390 2974 positam
408 2889 448 2951 ad
471 2909 595 2972 pacem,
611 2886 685 2970 quie
701 2896 825 2949 veteres
850 2885 966 2949 incolae
989 2907 1084 2949 suum
1100 2885 1285 2950 nullatenus
1311 2887 1452 2971 sequani·

249 2993 345 3056 miter
356 2989 541 3054 tollerantes
551 2989 694 3066 exilium,
705 2987 902 3052 infestabant
916 2989 1069 3068 advenas,
1080 2991 1246 3073 fueratque
1256 3011 1314 3074 per
1324 2989 1453 3055 univer-

250 3117 323 3158 sum
339 3093 516 3157 saevissima
540 3113 675 3177 regnum
692 3091 820 3156 seditio.
866 3091 930 3156 Sed
945 3091 997 3156 hic
1014 3093 1176 3157 Henricus
1203 3093 1242 3156 de
1269 3115 1333 3177 quo
1357 3093 1452 3158 nobis

249 3219 367 3275 sermo,
401 3195 558 3281 conjugiis
595 3195 672 3259 hinc
701 3195 776 3259 inde
806 3195 899 3260 factis
930 3195 1016 3259 inter
1045 3217 1113 3275 cos,
1151 3196 1285 3281 aliisque
1319 3197 1452 3281 quibus-

250 3323 389 3384 cumque
404 3301 512 3386 potuit
526 3299 646 3377 modis,
661 3297 701 3363 ad
715 3299 842 3363 firmam
857 3299 997 3382 populos
1012 3305 1167 3383 utrosque
1190 3300 1358 3363 foederavit
1372 3323 1450 3364 con-

248 3405 400 3483 cordiem,
423 3402 541 3487 diuque
555 3400 690 3465 feliciter
700 3399 862 3484 Anglism,
877 3398 1040 3477 Wslliam,
1058 3399 1305 3478 Normanniam,
1329 3409 1363 3463 et
1378 3399 1449 3464 Bri·

246 3507 391 3572 tanniam
406 3504 500 3584 rexit,
516 3504 555 3568 ad
571 3501 728 3566 bonorem
744 3501 807 3565 Dei
831 3499 1115 3584 subjectorumque
1139 3499 1267 3564 divitias
1283 3500 1401 3564 multas
1417 3513 1450 3566 et

244 3612 355 3695 jugem
371 3605 526 3670 loetitiam.
572 3603 607 3667 Is
622 3604 719 3668 etism
742 3601 974 3667 monasterium
991 3600 1137 3665 Cluniaci
1152 3601 1287 3685 perfecit
1301 3625 1320 3665 a
1334 3602 1449 3668 funda·

246 3709 377 3790 mentis,
392 3731 464 3794 quoe
478 3730 535 3772 rex
551 3708 774 3792 Hispanorum
796 3705 1002 3770 Adelfundus
1027 3705 1094 3768 suis
1117 3703 1271 3788 injecerat
1296 3707 1447 3789 expensis

246 3824 281 3879 et
302 3813 357 3877 vix
372 3811 413 3875 ad
435 3819 529 3874 terroe
545 3809 680 3873 duxerat
695 3806 910 3892 superficiem,
925 3815 959 3870 et
980 3829 999 3870 a
1021 3807 1189 3892 proposito
1210 3829 1267 3892 per
1282 3807 1447 3872 avaritiam

283 4014 299 4048 *
315 4015 368 4065 The
379 4020 447 4078 story
455 4015 484 4064 of
493 4014 543 4064 eorl
552 4013 656 4062 Godrriu
667 4011 756 4062 breaks
767 4010 804 4060 off
813 4011 839 4060 io
851 4011 893 4060 the
908 4011 1009 4070 middle,
1021 4027 1048 4060 as
1059 4011 1228 4074 ifsomethiug
1238 4026 1301 4062 wore
1312 4012 1423 4063 omitted.

289 4119 403 4164 cnuo.
427 4117 501 4162 soc.
1128 4102 1185 4159 to
