<?xml version="1.0" encoding="UTF-8"?>
<!DOCTYPE html PUBLIC "-//W3C//DTD XHTML 1.0 Transitional//EN"
    "http://www.w3.org/TR/xhtml1/DTD/xhtml1-transitional.dtd">
<html xmlns="http://www.w3.org/1999/xhtml" xml:lang="en" lang="en">
 <head>
  <title>
</title>
<meta http-equiv="Content-Type" content="text/html;charset=utf-8" />
  <meta name='ocr-system' content='tesseract 3.04.00' />
  <meta name='ocr-capabilities' content='ocr_page ocr_carea ocr_par ocr_line ocrx_word'/>
</head>
<body>
  <div class='ocr_page' id='page_1' title='image "./gualterimapesde00mapgoog/gualterimapesde00mapgoog_0168.png"; bbox 0 0 3608 4862; ppageno 0'>
   <div class='ocr_carea' id='block_1_1' title="bbox 270 522 1442 604">
    <p class='ocr_par' dir='ltr' id='par_1_1' title="bbox 270 522 1442 604">
     <span class='ocr_line' id='line_1_1' title="bbox 270 522 1442 604; baseline -0.006 -15"><span class='ocrx_word' id='word_1_1' title='bbox 270 537 333 603; x_wconf 74' lang='lat' dir='ltr'><strong>cap.</strong></span> <span class='ocrx_word' id='word_1_2' title='bbox 346 539 395 604; x_wconf 75' lang='lat' dir='ltr'><strong>nn]</strong></span> <span class='ocrx_word' id='word_1_3' title='bbox 634 539 681 582; x_wconf 80' lang='lat' dir='ltr'><strong>ns</strong></span> <span class='ocrx_word' id='word_1_4' title='bbox 699 539 809 584; x_wconf 80' lang='lat' dir='ltr'><strong>noers</strong></span> <span class='ocrx_word' id='word_1_5' title='bbox 827 539 1052 584; x_wconf 80' lang='lat' dir='ltr'><strong>cunrnnruu.</strong></span> <span class='ocrx_word' id='word_1_6' title='bbox 1382 522 1442 596; x_wconf 82' lang='lat'><strong>147</strong></span> 
     </span>
    </p>
   </div>
   <div class='ocr_carea' id='block_1_2' title="bbox 235 705 1506 3778">
    <p class='ocr_par' dir='ltr' id='par_1_2' title="bbox 235 705 1506 2130">
     <span class='ocr_line' id='line_1_2' title="bbox 235 705 1442 794; baseline 0.002 -24"><span class='ocrx_word' id='word_1_7' title='bbox 235 727 345 772; x_wconf 85' lang='lat' dir='ltr'><strong>aurem</strong></span> <span class='ocrx_word' id='word_1_8' title='bbox 359 705 557 784; x_wconf 66' lang='lat' dir='ltr'><strong>inclinasse</strong></span> <span class='ocrx_word' id='word_1_9' title='bbox 571 706 658 792; x_wconf 88' lang='lat' dir='ltr'><strong>aspis</strong></span> <span class='ocrx_word' id='word_1_10' title='bbox 671 707 855 788; x_wconf 83' lang='lat' dir='ltr'><strong>veneficiis3</strong></span> <span class='ocrx_word' id='word_1_11' title='bbox 870 709 1015 772; x_wconf 88' lang='lat' dir='ltr'><strong>animum</strong></span> <span class='ocrx_word' id='word_1_12' title='bbox 1027 707 1172 786; x_wconf 87' lang='lat' dir='ltr'><strong>adhibes,</strong></span> <span class='ocrx_word' id='word_1_13' title='bbox 1186 715 1223 771; x_wconf 89' lang='lat' dir='ltr'><strong>ut</strong></span> <span class='ocrx_word' id='word_1_14' title='bbox 1234 729 1311 794; x_wconf 88' lang='lat' dir='ltr'><strong>aper</strong></span> <span class='ocrx_word' id='word_1_15' title='bbox 1321 707 1442 772; x_wconf 86' lang='lat' dir='ltr'><strong>latrati-</strong></span> 
     </span>
     <span class='ocr_line' id='line_1_3' title="bbox 237 809 1445 895; baseline -0.001 -19"><span class='ocrx_word' id='word_1_16' title='bbox 237 809 318 888; x_wconf 86' lang='lat' dir='ltr'><strong>bus3</strong></span> <span class='ocrx_word' id='word_1_17' title='bbox 333 810 480 895; x_wconf 83' lang='lat' dir='ltr'><strong>placaris,</strong></span> <span class='ocrx_word' id='word_1_18' title='bbox 490 820 528 874; x_wconf 91' lang='lat' dir='ltr'><strong>ut</strong></span> <span class='ocrx_word' id='word_1_19' title='bbox 542 810 662 894; x_wconf 80' lang='lat' dir='ltr'><strong>dipsas,</strong></span> <span class='ocrx_word' id='word_1_20' title='bbox 672 809 725 875; x_wconf 89' lang='lat' dir='ltr'><strong>oui</strong></span> <span class='ocrx_word' id='word_1_21' title='bbox 741 809 790 874; x_wconf 88' lang='lat' dir='ltr'><strong>sol</strong></span> <span class='ocrx_word' id='word_1_22' title='bbox 804 809 973 876; x_wconf 80' lang='lat' dir='ltr'><strong>incanduit</strong></span> <span class='ocrx_word' id='word_1_23' title='bbox 987 834 1006 875; x_wconf 91' lang='lat' dir='ltr'><strong>a</strong></span> <span class='ocrx_word' id='word_1_24' title='bbox 1021 832 1156 890; x_wconf 84' lang='lat' dir='ltr'><strong>cancr03</strong></span> <span class='ocrx_word' id='word_1_25' title='bbox 1171 809 1230 875; x_wconf 92' lang='lat' dir='ltr'><strong>tibi</strong></span> <span class='ocrx_word' id='word_1_26' title='bbox 1242 810 1395 890; x_wconf 90' lang='lat' dir='ltr'><strong>consulis,</strong></span> <span class='ocrx_word' id='word_1_27' title='bbox 1407 819 1445 875; x_wconf 92' lang='lat' dir='ltr'><strong>ut</strong></span> 
     </span>
     <span class='ocr_line' id='line_1_4' title="bbox 237 912 1443 1000; baseline -0.001 -22"><span class='ocrx_word' id='word_1_28' title='bbox 237 924 346 1000; x_wconf 84' lang='lat' dir='ltr'><strong>spreta</strong></span> <span class='ocrx_word' id='word_1_29' title='bbox 367 913 504 992; x_wconf 82' lang='lat' dir='ltr'><strong>Medea3</strong></span> <span class='ocrx_word' id='word_1_30' title='bbox 527 912 587 977; x_wconf 92' lang='lat' dir='ltr'><strong>tibi</strong></span> <span class='ocrx_word' id='word_1_31' title='bbox 609 913 783 992; x_wconf 84' lang='lat' dir='ltr'><strong>misereris,</strong></span> <span class='ocrx_word' id='word_1_32' title='bbox 799 923 837 978; x_wconf 90' lang='lat' dir='ltr'><strong>ut</strong></span> <span class='ocrx_word' id='word_1_33' title='bbox 858 935 968 998; x_wconf 87' lang='lat' dir='ltr'><strong>aeqnor</strong></span> <span class='ocrx_word' id='word_1_34' title='bbox 990 913 1161 998; x_wconf 87' lang='lat' dir='ltr'><strong>naufragis.</strong></span> <span class='ocrx_word' id='word_1_35' title='bbox 1206 913 1305 980; x_wconf 76' lang='lat' dir='ltr'><strong>Quod</strong></span> <span class='ocrx_word' id='word_1_36' title='bbox 1327 935 1443 978; x_wconf 90' lang='lat' dir='ltr'><strong>manus</strong></span> 
     </span>
     <span class='ocr_line' id='line_1_5' title="bbox 238 1016 1439 1102; baseline 0.002 -20"><span class='ocrx_word' id='word_1_37' title='bbox 238 1017 395 1095; x_wconf 84' lang='lat' dir='ltr'><strong>contines,</strong></span> <span class='ocrx_word' id='word_1_38' title='bbox 420 1017 600 1082; x_wconf 85' lang='lat' dir='ltr'><strong>reverentia</strong></span> <span class='ocrx_word' id='word_1_39' title='bbox 625 1017 720 1102; x_wconf 78' lang='lat' dir='ltr'><strong>regim</strong></span> <span class='ocrx_word' id='word_1_40' title='bbox 743 1016 833 1101; x_wconf 86' lang='lat' dir='ltr'><strong>pacis</strong></span> <span class='ocrx_word' id='word_1_41' title='bbox 855 1027 916 1082; x_wconf 88' lang='lat' dir='ltr'><strong>est.</strong></span> <span class='ocrx_word' id='word_1_42' title='bbox 959 1018 1086 1097; x_wconf 85' lang='lat' dir='ltr'><strong>Amice,</strong></span> <span class='ocrx_word' id='word_1_43' title='bbox 1100 1016 1284 1082; x_wconf 79' lang='lat' dir='ltr'><strong>humiliavit</strong></span> <span class='ocrx_word' id='word_1_44' title='bbox 1305 1016 1382 1082; x_wconf 90' lang='lat' dir='ltr'><strong>licet</strong></span> <span class='ocrx_word' id='word_1_45' title='bbox 1405 1039 1439 1084; x_wconf 91' lang='lat' dir='ltr'><strong>se</strong></span> 
     </span>
     <span class='ocr_line' id='line_1_6' title="bbox 237 1117 1443 1203; baseline -0.003 -19"><span class='ocrx_word' id='word_1_46' title='bbox 237 1117 317 1184; x_wconf 90' lang='lat' dir='ltr'><strong>citra</strong></span> <span class='ocrx_word' id='word_1_47' title='bbox 336 1117 516 1203; x_wconf 87' lang='lat' dir='ltr'><strong>perfectum</strong></span> <span class='ocrx_word' id='word_1_48' title='bbox 538 1117 681 1182; x_wconf 89' lang='lat' dir='ltr'><strong>domitor</strong></span> <span class='ocrx_word' id='word_1_49' title='bbox 701 1118 789 1183; x_wconf 83' lang='lat' dir='ltr'><strong>orbis</strong></span> <span class='ocrx_word' id='word_1_50' title='bbox 811 1117 900 1182; x_wconf 84' lang='lat' dir='ltr'><strong>fideli</strong></span> <span class='ocrx_word' id='word_1_51' title='bbox 926 1139 997 1196; x_wconf 90' lang='lat' dir='ltr'><strong>suo,</strong></span> <span class='ocrx_word' id='word_1_52' title='bbox 1020 1127 1054 1182; x_wconf 90' lang='lat' dir='ltr'><strong>et</strong></span> <span class='ocrx_word' id='word_1_53' title='bbox 1081 1139 1165 1202; x_wconf 93' lang='lat' dir='ltr'><strong>pene</strong></span> <span class='ocrx_word' id='word_1_54' title='bbox 1184 1117 1301 1202; x_wconf 92' lang='lat' dir='ltr'><strong>pedem</strong></span> <span class='ocrx_word' id='word_1_55' title='bbox 1321 1117 1443 1197; x_wconf 86' lang='lat' dir='ltr'><strong>retulit,</strong></span> 
     </span>
     <span class='ocr_line' id='line_1_7' title="bbox 238 1218 1442 1307; baseline -0.001 -21"><span class='ocrx_word' id='word_1_56' title='bbox 238 1220 313 1307; x_wconf 89' lang='lat' dir='ltr'><strong>quia</strong></span> <span class='ocrx_word' id='word_1_57' title='bbox 334 1241 417 1305; x_wconf 90' lang='lat' dir='ltr'><strong>pene</strong></span> <span class='ocrx_word' id='word_1_58' title='bbox 439 1219 558 1306; x_wconf 85' lang='lat' dir='ltr'><strong>paruit,</strong></span> <span class='ocrx_word' id='word_1_59' title='bbox 576 1241 723 1306; x_wconf 92' lang='lat' dir='ltr'><strong>peneque</strong></span> <span class='ocrx_word' id='word_1_60' title='bbox 750 1220 932 1300; x_wconf 74' lang='lat' dir='ltr'><strong>succubuit,</strong></span> <span class='ocrx_word' id='word_1_61' title='bbox 954 1220 1030 1305; x_wconf 90' lang='lat' dir='ltr'><strong>quia</strong></span> <span class='ocrx_word' id='word_1_62' title='bbox 1052 1241 1119 1285; x_wconf 94' lang='lat' dir='ltr'><strong>non</strong></span> <span class='ocrx_word' id='word_1_63' title='bbox 1144 1218 1239 1306; x_wconf 92' lang='lat' dir='ltr'><strong>plene</strong></span> <span class='ocrx_word' id='word_1_64' title='bbox 1266 1219 1442 1300; x_wconf 66' lang='lat' dir='ltr'><strong>obedivit*</strong></span> 
     </span>
     <span class='ocr_line' id='line_1_8' title="bbox 239 1321 1506 1408; baseline -0.002 -20"><span class='ocrx_word' id='word_1_65' title='bbox 239 1323 322 1388; x_wconf 87' lang='lat' dir='ltr'><strong>nihil</strong></span> <span class='ocrx_word' id='word_1_66' title='bbox 344 1323 391 1386; x_wconf 92' lang='lat' dir='ltr'><strong>illi</strong></span> <span class='ocrx_word' id='word_1_67' title='bbox 411 1321 577 1388; x_wconf 88' lang='lat' dir='ltr'><strong>humilitas</strong></span> <span class='ocrx_word' id='word_1_68' title='bbox 592 1323 695 1386; x_wconf 90' lang='lat' dir='ltr'><strong>multa</strong></span> <span class='ocrx_word' id='word_1_69' title='bbox 709 1323 843 1407; x_wconf 85' lang='lat' dir='ltr'><strong>profuit,</strong></span> <span class='ocrx_word' id='word_1_70' title='bbox 859 1323 933 1407; x_wconf 92' lang='lat' dir='ltr'><strong>quia</strong></span> <span class='ocrx_word' id='word_1_71' title='bbox 947 1345 1013 1388; x_wconf 91' lang='lat' dir='ltr'><strong>non</strong></span> <span class='ocrx_word' id='word_1_72' title='bbox 1036 1322 1142 1408; x_wconf 92' lang='lat' dir='ltr'><strong>plena.</strong></span> <span class='ocrx_word' id='word_1_73' title='bbox 1186 1322 1274 1389; x_wconf 76' lang='lat' dir='ltr'><strong>Quid</strong></span> <span class='ocrx_word' id='word_1_74' title='bbox 1289 1321 1350 1388; x_wconf 91' lang='lat' dir='ltr'><strong>tibi</strong></span> <span class='ocrx_word' id='word_1_75' title='bbox 1365 1345 1442 1387; x_wconf 91' lang='lat' dir='ltr'><strong>con·</strong></span> <span class='ocrx_word' id='word_1_76' title='bbox 1502 1353 1506 1360; x_wconf 62' lang='lat'>¹</span> 
     </span>
     <span class='ocr_line' id='line_1_9' title="bbox 238 1425 1442 1511; baseline 0 -21"><span class='ocrx_word' id='word_1_77' title='bbox 238 1427 320 1490; x_wconf 90' lang='lat' dir='ltr'><strong>feret</strong></span> <span class='ocrx_word' id='word_1_78' title='bbox 334 1436 390 1490; x_wconf 87' lang='lat' dir='ltr'><strong>tua</strong></span> <span class='ocrx_word' id='word_1_79' title='bbox 401 1435 467 1490; x_wconf 68' lang='lat' dir='ltr'><strong>mm</strong></span> <span class='ocrx_word' id='word_1_80' title='bbox 479 1426 581 1492; x_wconf 88' lang='lat' dir='ltr'><strong>ferina</strong></span> <span class='ocrx_word' id='word_1_81' title='bbox 595 1425 814 1490; x_wconf 85' lang='lat' dir='ltr'><strong>inhumanitas</strong></span> <span class='ocrx_word' id='word_1_82' title='bbox 825 1435 859 1491; x_wconf 92' lang='lat' dir='ltr'><strong>et</strong></span> <span class='ocrx_word' id='word_1_83' title='bbox 873 1425 959 1510; x_wconf 86' lang='lat' dir='ltr'><strong>rigor</strong></span> <span class='ocrx_word' id='word_1_84' title='bbox 972 1425 1111 1490; x_wconf 86' lang='lat' dir='ltr'><strong>inflexus</strong></span> <span class='ocrx_word' id='word_1_85' title='bbox 1123 1435 1157 1490; x_wconf 92' lang='lat' dir='ltr'><strong>et</strong></span> <span class='ocrx_word' id='word_1_86' title='bbox 1170 1427 1286 1490; x_wconf 87' lang='lat' dir='ltr'><strong>horror</strong></span> <span class='ocrx_word' id='word_1_87' title='bbox 1300 1426 1442 1511; x_wconf 90' lang='lat' dir='ltr'><strong>superci-</strong></span> 
     </span>
     <span class='ocr_line' id='line_1_10' title="bbox 237 1528 1442 1616; baseline 0 -24"><span class='ocrx_word' id='word_1_88' title='bbox 237 1528 283 1608; x_wconf 86' lang='lat' dir='ltr'><strong>lii,</strong></span> <span class='ocrx_word' id='word_1_89' title='bbox 295 1529 349 1616; x_wconf 91' lang='lat' dir='ltr'><strong>qui</strong></span> <span class='ocrx_word' id='word_1_90' title='bbox 360 1529 446 1594; x_wconf 91' lang='lat' dir='ltr'><strong>ultro</strong></span> <span class='ocrx_word' id='word_1_91' title='bbox 460 1529 556 1592; x_wconf 90' lang='lat' dir='ltr'><strong>irruis</strong></span> <span class='ocrx_word' id='word_1_92' title='bbox 565 1528 600 1592; x_wconf 92' lang='lat' dir='ltr'><strong>in</strong></span> <span class='ocrx_word' id='word_1_93' title='bbox 611 1529 773 1593; x_wconf 86' lang='lat' dir='ltr'><strong>latronum</strong></span> <span class='ocrx_word' id='word_1_94' title='bbox 786 1528 919 1594; x_wconf 89' lang='lat' dir='ltr'><strong>insidias</strong></span> <span class='ocrx_word' id='word_1_95' title='bbox 930 1528 1083 1594; x_wconf 84' lang='lat' dir='ltr'><strong>inermis?</strong></span> <span class='ocrx_word' id='word_1_96' title='bbox 1118 1529 1265 1593; x_wconf 77' lang='lat' dir='ltr'><strong>Humilia</strong></span> <span class='ocrx_word' id='word_1_97' title='bbox 1279 1539 1323 1608; x_wconf 91' lang='lat' dir='ltr'><strong>te,</strong></span> <span class='ocrx_word' id='word_1_98' title='bbox 1336 1528 1442 1608; x_wconf 89' lang='lat' dir='ltr'><strong>sodes,</strong></span> 
     </span>
     <span class='ocr_line' id='line_1_11' title="bbox 238 1629 1442 1716; baseline 0.001 -22"><span class='ocrx_word' id='word_1_99' title='bbox 238 1630 280 1695; x_wconf 93' lang='lat' dir='ltr'><strong>ad</strong></span> <span class='ocrx_word' id='word_1_100' title='bbox 309 1633 443 1697; x_wconf 89' lang='lat' dir='ltr'><strong>modum</strong></span> <span class='ocrx_word' id='word_1_101' title='bbox 462 1631 654 1697; x_wconf 88' lang='lat' dir='ltr'><strong>humilitatis</strong></span> <span class='ocrx_word' id='word_1_102' title='bbox 680 1633 751 1715; x_wconf 92' lang='lat' dir='ltr'><strong>ejus</strong></span> <span class='ocrx_word' id='word_1_103' title='bbox 773 1630 829 1716; x_wconf 93' lang='lat' dir='ltr'><strong>qui</strong></span> <span class='ocrx_word' id='word_1_104' title='bbox 848 1640 955 1695; x_wconf 88' lang='lat' dir='ltr'><strong>totum</strong></span> <span class='ocrx_word' id='word_1_105' title='bbox 970 1629 1034 1694; x_wconf 89' lang='lat' dir='ltr'><strong>sibi</strong></span> <span class='ocrx_word' id='word_1_106' title='bbox 1059 1631 1220 1694; x_wconf 89' lang='lat' dir='ltr'><strong>mundum</strong></span> <span class='ocrx_word' id='word_1_107' title='bbox 1250 1630 1442 1710; x_wconf 84' lang='lat' dir='ltr'><strong>humiliavit,</strong></span> 
     </span>
     <span class='ocr_line' id='line_1_12' title="bbox 239 1734 1441 1819; baseline 0.001 -20"><span class='ocrx_word' id='word_1_108' title='bbox 239 1743 273 1799; x_wconf 90' lang='lat' dir='ltr'><strong>et</strong></span> <span class='ocrx_word' id='word_1_109' title='bbox 287 1734 363 1800; x_wconf 90' lang='lat' dir='ltr'><strong>audi</strong></span> <span class='ocrx_word' id='word_1_110' title='bbox 377 1735 517 1800; x_wconf 89' lang='lat' dir='ltr'><strong>amicum</strong></span> <span class='ocrx_word' id='word_1_111' title='bbox 530 1748 634 1800; x_wconf 87' lang='lat' dir='ltr'><strong>tuum.</strong></span> <span class='ocrx_word' id='word_1_112' title='bbox 665 1735 711 1799; x_wconf 85' lang='lat' dir='ltr'><strong>Et</strong></span> <span class='ocrx_word' id='word_1_113' title='bbox 722 1735 750 1798; x_wconf 90' lang='lat' dir='ltr'><strong>si</strong></span> <span class='ocrx_word' id='word_1_114' title='bbox 763 1734 925 1800; x_wconf 82' lang='lat' dir='ltr'><strong>Caesarem</strong></span> <span class='ocrx_word' id='word_1_115' title='bbox 937 1755 1059 1800; x_wconf 89' lang='lat' dir='ltr'><strong>errasse</strong></span> <span class='ocrx_word' id='word_1_116' title='bbox 1072 1735 1187 1814; x_wconf 88' lang='lat' dir='ltr'><strong>credis,</strong></span> <span class='ocrx_word' id='word_1_117' title='bbox 1196 1734 1271 1819; x_wconf 92' lang='lat' dir='ltr'><strong>quia</strong></span> <span class='ocrx_word' id='word_1_118' title='bbox 1283 1735 1441 1810; x_wconf 89' lang='lat' dir='ltr'><strong>oonsilio†</strong></span> 
     </span>
     <span class='ocr_line' id='line_1_13' title="bbox 239 1837 1444 1924; baseline 0.001 -21"><span class='ocrx_word' id='word_1_119' title='bbox 239 1861 307 1904; x_wconf 92' lang='lat' dir='ltr'><strong>non</strong></span> <span class='ocrx_word' id='word_1_120' title='bbox 329 1839 475 1919; x_wconf 83' lang='lat' dir='ltr'><strong>credidit,</strong></span> <span class='ocrx_word' id='word_1_121' title='bbox 491 1839 608 1905; x_wconf 85' lang='lat' dir='ltr'><strong>exaudi</strong></span> <span class='ocrx_word' id='word_1_122' title='bbox 630 1847 665 1904; x_wconf 88' lang='lat' dir='ltr'><strong>et</strong></span> <span class='ocrx_word' id='word_1_123' title='bbox 685 1839 818 1903; x_wconf 77' lang='lat' dir='ltr'><strong>attende</strong></span> <span class='ocrx_word' id='word_1_124' title='bbox 839 1837 917 1922; x_wconf 91' lang='lat' dir='ltr'><strong>quid</strong></span> <span class='ocrx_word' id='word_1_125' title='bbox 932 1837 1002 1902; x_wconf 88' lang='lat' dir='ltr'><strong>aliis</strong></span> <span class='ocrx_word' id='word_1_126' title='bbox 1018 1838 1198 1923; x_wconf 82' lang='lat' dir='ltr'><strong>contigerit,</strong></span> <span class='ocrx_word' id='word_1_127' title='bbox 1214 1850 1251 1902; x_wconf 92' lang='lat' dir='ltr'><strong>ut</strong></span> <span class='ocrx_word' id='word_1_128' title='bbox 1266 1837 1325 1903; x_wconf 90' lang='lat' dir='ltr'><strong>tibi</strong></span> <span class='ocrx_word' id='word_1_129' title='bbox 1340 1839 1444 1924; x_wconf 88' lang='lat' dir='ltr'><strong>prosit</strong></span> 
     </span>
     <span class='ocr_line' id='line_1_14' title="bbox 239 1940 1443 2026; baseline -0.002 -20"><span class='ocrx_word' id='word_1_130' title='bbox 239 1962 351 2006; x_wconf 88' lang='lat' dir='ltr'><strong>eorum</strong></span> <span class='ocrx_word' id='word_1_131' title='bbox 373 1942 474 2008; x_wconf 83' lang='lat' dir='ltr'><strong>laesio.</strong></span> <span class='ocrx_word' id='word_1_132' title='bbox 519 1942 688 2008; x_wconf 89' lang='lat' dir='ltr'><strong>Indemnis</strong></span> <span class='ocrx_word' id='word_1_133' title='bbox 711 1951 762 2006; x_wconf 91' lang='lat' dir='ltr'><strong>est</strong></span> <span class='ocrx_word' id='word_1_134' title='bbox 776 1941 863 2006; x_wconf 91' lang='lat' dir='ltr'><strong>enim</strong></span> <span class='ocrx_word' id='word_1_135' title='bbox 879 1940 1047 2026; x_wconf 79' lang='lat' dir='ltr'><strong>castigatio</strong></span> <span class='ocrx_word' id='word_1_136' title='bbox 1063 1963 1159 2026; x_wconf 90' lang='lat' dir='ltr'><strong>quam</strong></span> <span class='ocrx_word' id='word_1_137' title='bbox 1175 1942 1373 2026; x_wconf 87' lang='lat' dir='ltr'><strong>persuadent</strong></span> <span class='ocrx_word' id='word_1_138' title='bbox 1387 1963 1443 2008; x_wconf 86' lang='lat' dir='ltr'><strong>ex-</strong></span> 
     </span>
     <span class='ocr_line' id='line_1_15' title="bbox 240 2043 403 2130; baseline 0.006 -23"><span class='ocrx_word' id='word_1_139' title='bbox 240 2043 403 2130; x_wconf 85' lang='lat' dir='ltr'><strong>emplaria.</strong></span> 
     </span>
    </p>

    <p class='ocr_par' dir='ltr' id='par_1_3' title="bbox 239 2143 1451 3778">
     <span class='ocr_line' id='line_1_16' title="bbox 284 2143 1445 2232; baseline 0.001 -22"><span class='ocrx_word' id='word_1_140' title='bbox 284 2145 404 2212; x_wconf 84' lang='lat' dir='ltr'><strong>Nescio</strong></span> <span class='ocrx_word' id='word_1_141' title='bbox 430 2167 495 2232; x_wconf 89' lang='lat' dir='ltr'><strong>quo</strong></span> <span class='ocrx_word' id='word_1_142' title='bbox 520 2145 643 2232; x_wconf 83' lang='lat' dir='ltr'><strong>refugio</strong></span> <span class='ocrx_word' id='word_1_143' title='bbox 669 2154 759 2210; x_wconf 91' lang='lat' dir='ltr'><strong>tutus</strong></span> <span class='ocrx_word' id='word_1_144' title='bbox 784 2167 830 2224; x_wconf 90' lang='lat' dir='ltr'><strong>es,</strong></span> <span class='ocrx_word' id='word_1_145' title='bbox 853 2154 911 2209; x_wconf 89' lang='lat' dir='ltr'><strong>aut</strong></span> <span class='ocrx_word' id='word_1_146' title='bbox 935 2166 1000 2229; x_wconf 91' lang='lat' dir='ltr'><strong>quo</strong></span> <span class='ocrx_word' id='word_1_147' title='bbox 1015 2143 1106 2231; x_wconf 87' lang='lat' dir='ltr'><strong>asylo</strong></span> <span class='ocrx_word' id='word_1_148' title='bbox 1121 2143 1289 2229; x_wconf 86' lang='lat' dir='ltr'><strong>torpescis.</strong></span> <span class='ocrx_word' id='word_1_149' title='bbox 1335 2146 1445 2211; x_wconf 77' lang='lat' dir='ltr'><strong>Caesar</strong></span> 
     </span>
     <span class='ocr_line' id='line_1_17' title="bbox 239 2245 1445 2334; baseline 0.002 -24"><span class='ocrx_word' id='word_1_150' title='bbox 239 2245 509 2312; x_wconf 84' lang='lat' dir='ltr'><strong>immisericordes</strong></span> <span class='ocrx_word' id='word_1_151' title='bbox 540 2247 689 2313; x_wconf 87' lang='lat' dir='ltr'><strong>Persides</strong></span> <span class='ocrx_word' id='word_1_152' title='bbox 718 2248 869 2334; x_wconf 89' lang='lat' dir='ltr'><strong>repperit,</strong></span> <span class='ocrx_word' id='word_1_153' title='bbox 894 2257 928 2312; x_wconf 91' lang='lat' dir='ltr'><strong>et</strong></span> <span class='ocrx_word' id='word_1_154' title='bbox 956 2269 1022 2312; x_wconf 92' lang='lat' dir='ltr'><strong>non</strong></span> <span class='ocrx_word' id='word_1_155' title='bbox 1052 2257 1104 2311; x_wconf 89' lang='lat' dir='ltr'><strong>est</strong></span> <span class='ocrx_word' id='word_1_156' title='bbox 1129 2268 1288 2312; x_wconf 88' lang='lat' dir='ltr'><strong>reversus.</strong></span> <span class='ocrx_word' id='word_1_157' title='bbox 1331 2249 1393 2326; x_wconf 79' lang='lat' dir='ltr'><strong>Tu,</strong></span> <span class='ocrx_word' id='word_1_158' title='bbox 1417 2249 1445 2313; x_wconf 90' lang='lat' dir='ltr'><strong>si</strong></span> 
     </span>
     <span class='ocr_line' id='line_1_18' title="bbox 242 2350 1443 2438; baseline 0 -22"><span class='ocrx_word' id='word_1_159' title='bbox 242 2374 384 2438; x_wconf 90' lang='lat' dir='ltr'><strong>unquam</strong></span> <span class='ocrx_word' id='word_1_160' title='bbox 414 2352 477 2417; x_wconf 86' lang='lat' dir='ltr'><strong>tale</strong></span> <span class='ocrx_word' id='word_1_161' title='bbox 504 2352 708 2438; x_wconf 85' lang='lat' dir='ltr'><strong>gymnasium</strong></span> <span class='ocrx_word' id='word_1_162' title='bbox 734 2350 877 2430; x_wconf 86' lang='lat' dir='ltr'><strong>erasisti,</strong></span> <span class='ocrx_word' id='word_1_163' title='bbox 902 2353 975 2436; x_wconf 89' lang='lat' dir='ltr'><strong>pios</strong></span> <span class='ocrx_word' id='word_1_164' title='bbox 1001 2352 1119 2436; x_wconf 91' lang='lat' dir='ltr'><strong>impios</strong></span> <span class='ocrx_word' id='word_1_165' title='bbox 1149 2351 1313 2417; x_wconf 87' lang='lat' dir='ltr'><strong>invenisti.</strong></span> <span class='ocrx_word' id='word_1_166' title='bbox 1358 2353 1443 2417; x_wconf 80' lang='lat' dir='ltr'><strong>Pho-</strong></span> 
     </span>
     <span class='ocr_line' id='line_1_19' title="bbox 240 2453 1445 2540; baseline -0.002 -20"><span class='ocrx_word' id='word_1_167' title='bbox 240 2476 359 2522; x_wconf 86' lang='lat' dir='ltr'><strong>roneus</strong></span> <span class='ocrx_word' id='word_1_168' title='bbox 384 2476 451 2532; x_wconf 85' lang='lat' dir='ltr'><strong>rex,</strong></span> <span class='ocrx_word' id='word_1_169' title='bbox 476 2455 531 2539; x_wconf 94' lang='lat' dir='ltr'><strong>qui</strong></span> <span class='ocrx_word' id='word_1_170' title='bbox 555 2455 724 2520; x_wconf 84' lang='lat' dir='ltr'><strong>thesauros</strong></span> <span class='ocrx_word' id='word_1_171' title='bbox 749 2453 856 2540; x_wconf 88' lang='lat' dir='ltr'><strong>legum</strong></span> <span class='ocrx_word' id='word_1_172' title='bbox 878 2453 1009 2540; x_wconf 92' lang='lat' dir='ltr'><strong>populis</strong></span> <span class='ocrx_word' id='word_1_173' title='bbox 1037 2454 1201 2540; x_wconf 87' lang='lat' dir='ltr'><strong>publicare</strong></span> <span class='ocrx_word' id='word_1_174' title='bbox 1227 2476 1294 2518; x_wconf 92' lang='lat' dir='ltr'><strong>non</strong></span> <span class='ocrx_word' id='word_1_175' title='bbox 1316 2454 1445 2534; x_wconf 90' lang='lat' dir='ltr'><strong>invidit,</strong></span> 
     </span>
     <span class='ocr_line' id='line_1_20' title="bbox 243 2556 1447 2644; baseline 0 -21"><span class='ocrx_word' id='word_1_176' title='bbox 243 2557 299 2643; x_wconf 90' lang='lat' dir='ltr'><strong>qui</strong></span> <span class='ocrx_word' id='word_1_177' title='bbox 310 2557 459 2644; x_wconf 83' lang='lat' dir='ltr'><strong>primus‡</strong></span> <span class='ocrx_word' id='word_1_178' title='bbox 478 2557 667 2622; x_wconf 77' lang='lat' dir='ltr'><strong>Graecorum</strong></span> <span class='ocrx_word' id='word_1_179' title='bbox 683 2557 790 2621; x_wconf 90' lang='lat' dir='ltr'><strong>studia</strong></span> <span class='ocrx_word' id='word_1_180' title='bbox 805 2558 983 2635; x_wconf 88' lang='lat' dir='ltr'><strong>deauravit,</strong></span> <span class='ocrx_word' id='word_1_181' title='bbox 994 2557 1045 2622; x_wconf 88' lang='lat' dir='ltr'><strong>die</strong></span> <span class='ocrx_word' id='word_1_182' title='bbox 1058 2579 1121 2642; x_wconf 90' lang='lat' dir='ltr'><strong>qua</strong></span> <span class='ocrx_word' id='word_1_183' title='bbox 1130 2557 1216 2621; x_wconf 88' lang='lat' dir='ltr'><strong>viam</strong></span> <span class='ocrx_word' id='word_1_184' title='bbox 1229 2556 1447 2622; x_wconf 88' lang='lat' dir='ltr'><strong>universitatis</strong></span> 
     </span>
     <span class='ocr_line' id='line_1_21' title="bbox 241 2660 1447 2746; baseline 0.001 -22"><span class='ocrx_word' id='word_1_185' title='bbox 241 2660 404 2746; x_wconf 83' lang='lat' dir='ltr'><strong>ingressus</strong></span> <span class='ocrx_word' id='word_1_186' title='bbox 419 2669 480 2739; x_wconf 88' lang='lat' dir='ltr'><strong>est,</strong></span> <span class='ocrx_word' id='word_1_187' title='bbox 488 2660 535 2724; x_wconf 86' lang='lat' dir='ltr'><strong>ait</strong></span> <span class='ocrx_word' id='word_1_188' title='bbox 550 2660 689 2725; x_wconf 87' lang='lat' dir='ltr'><strong>Leontio</strong></span> <span class='ocrx_word' id='word_1_189' title='bbox 704 2660 795 2724; x_wconf 90' lang='lat' dir='ltr'><strong>fratri</strong></span> <span class='ocrx_word' id='word_1_190' title='bbox 811 2682 881 2739; x_wconf 90' lang='lat' dir='ltr'><strong>suo,</strong></span> <span class='ocrx_word' id='word_1_191' title='bbox 892 2665 913 2696; x_wconf 89' lang='lat'><strong>“</strong></span> <span class='ocrx_word' id='word_1_192' title='bbox 924 2660 978 2725; x_wconf 89' lang='lat' dir='ltr'><strong>Ad</strong></span> <span class='ocrx_word' id='word_1_193' title='bbox 991 2682 1152 2724; x_wconf 89' lang='lat' dir='ltr'><strong>summam</strong></span> <span class='ocrx_word' id='word_1_194' title='bbox 1167 2660 1354 2725; x_wconf 86' lang='lat' dir='ltr'><strong>felicitatem</strong></span> <span class='ocrx_word' id='word_1_195' title='bbox 1365 2660 1447 2725; x_wconf 92' lang='lat' dir='ltr'><strong>nihil</strong></span> 
     </span>
     <span class='ocr_line' id='line_1_22' title="bbox 241 2763 1446 2849; baseline 0.001 -21"><span class='ocrx_word' id='word_1_196' title='bbox 241 2765 321 2830; x_wconf 91' lang='lat' dir='ltr'><strong>mihi</strong></span> <span class='ocrx_word' id='word_1_197' title='bbox 347 2764 485 2844; x_wconf 85' lang='lat' dir='ltr'><strong>deesset,</strong></span> <span class='ocrx_word' id='word_1_198' title='bbox 511 2763 539 2827; x_wconf 90' lang='lat' dir='ltr'><strong>si</strong></span> <span class='ocrx_word' id='word_1_199' title='bbox 568 2763 649 2828; x_wconf 90' lang='lat' dir='ltr'><strong>mihi</strong></span> <span class='ocrx_word' id='word_1_200' title='bbox 679 2785 806 2849; x_wconf 87' lang='lat' dir='ltr'><strong>semper</strong></span> <span class='ocrx_word' id='word_1_201' title='bbox 834 2785 917 2828; x_wconf 86' lang='lat' dir='ltr'><strong>uxor</strong></span> <span class='ocrx_word' id='word_1_202' title='bbox 942 2763 1130 2828; x_wconf 88' lang='lat' dir='ltr'><strong>defuisset.”</strong></span> <span class='ocrx_word' id='word_1_203' title='bbox 1186 2763 1249 2828; x_wconf 89' lang='lat' dir='ltr'><strong>Cui</strong></span> <span class='ocrx_word' id='word_1_204' title='bbox 1276 2765 1446 2844; x_wconf 92' lang='lat' dir='ltr'><strong>Leontius,</strong></span> 
     </span>
     <span class='ocr_line' id='line_1_23' title="bbox 240 2865 1445 2952; baseline 0 -20"><span class='ocrx_word' id='word_1_205' title='bbox 240 2867 320 2932; x_wconf 82' lang='lat' dir='ltr'><strong>“Et</strong></span> <span class='ocrx_word' id='word_1_206' title='bbox 356 2867 518 2952; x_wconf 92' lang='lat' dir='ltr'><strong>quomodo</strong></span> <span class='ocrx_word' id='word_1_207' title='bbox 556 2888 637 2930; x_wconf 84' lang='lat' dir='ltr'><strong>uxor</strong></span> <span class='ocrx_word' id='word_1_208' title='bbox 666 2865 839 2932; x_wconf 81' lang='lat' dir='ltr'><strong>obstititl&#39;’</strong></span> <span class='ocrx_word' id='word_1_209' title='bbox 882 2869 930 2931; x_wconf 90' lang='lat' dir='ltr'><strong>At</strong></span> <span class='ocrx_word' id='word_1_210' title='bbox 958 2867 1023 2946; x_wconf 88' lang='lat' dir='ltr'><strong>ille,</strong></span> <span class='ocrx_word' id='word_1_211' title='bbox 1060 2865 1207 2930; x_wconf 88' lang='lat' dir='ltr'><strong>“Mariti</strong></span> <span class='ocrx_word' id='word_1_212' title='bbox 1236 2889 1351 2932; x_wconf 90' lang='lat' dir='ltr'><strong>omnes</strong></span> <span class='ocrx_word' id='word_1_213' title='bbox 1381 2867 1445 2932; x_wconf 92' lang='lat' dir='ltr'><strong>hoc</strong></span> 
     </span>
     <span class='ocr_line' id='line_1_24' title="bbox 243 2969 1447 3050; baseline 0 -16"><span class='ocrx_word' id='word_1_214' title='bbox 243 2970 381 3035; x_wconf 84' lang='lat' dir='ltr'><strong>sciunt&#39;&#39;</strong></span> <span class='ocrx_word' id='word_1_215' title='bbox 412 2969 537 3050; x_wconf 85' lang='lat' dir='ltr'><strong>Amice,</strong></span> <span class='ocrx_word' id='word_1_216' title='bbox 559 2969 684 3034; x_wconf 90' lang='lat' dir='ltr'><strong>utinam</strong></span> <span class='ocrx_word' id='word_1_217' title='bbox 710 2970 810 3034; x_wconf 90' lang='lat' dir='ltr'><strong>semel</strong></span> <span class='ocrx_word' id='word_1_218' title='bbox 825 2969 959 3034; x_wconf 89' lang='lat' dir='ltr'><strong>maritus</strong></span> <span class='ocrx_word' id='word_1_219' title='bbox 975 2970 1085 3048; x_wconf 88' lang='lat' dir='ltr'><strong>fueris,</strong></span> <span class='ocrx_word' id='word_1_220' title='bbox 1108 2979 1142 3035; x_wconf 90' lang='lat' dir='ltr'><strong>et</strong></span> <span class='ocrx_word' id='word_1_221' title='bbox 1157 2991 1224 3035; x_wconf 90' lang='lat' dir='ltr'><strong>non</strong></span> <span class='ocrx_word' id='word_1_222' title='bbox 1240 2969 1296 3050; x_wconf 91' lang='lat' dir='ltr'><strong>sis,</strong></span> <span class='ocrx_word' id='word_1_223' title='bbox 1312 2980 1350 3034; x_wconf 94' lang='lat' dir='ltr'><strong>ut</strong></span> <span class='ocrx_word' id='word_1_224' title='bbox 1365 2970 1447 3034; x_wconf 84' lang='lat' dir='ltr'><strong>scias</strong></span> 
     </span>
     <span class='ocr_line' id='line_1_25' title="bbox 242 3072 1446 3159; baseline 0 -21"><span class='ocrx_word' id='word_1_225' title='bbox 242 3073 320 3159; x_wconf 91' lang='lat' dir='ltr'><strong>quid</strong></span> <span class='ocrx_word' id='word_1_226' title='bbox 340 3073 526 3138; x_wconf 85' lang='lat' dir='ltr'><strong>felicitatem</strong></span> <span class='ocrx_word' id='word_1_227' title='bbox 549 3072 714 3159; x_wconf 91' lang='lat' dir='ltr'><strong>impediat.</strong></span> <span class='ocrx_word' id='word_1_228' title='bbox 758 3073 928 3138; x_wconf 88' lang='lat' dir='ltr'><strong>Valentius</strong></span> <span class='ocrx_word' id='word_1_229' title='bbox 944 3073 1154 3158; x_wconf 83' lang='lat' dir='ltr'><strong>imperator,§</strong></span> <span class='ocrx_word' id='word_1_230' title='bbox 1171 3074 1396 3159; x_wconf 86' lang='lat' dir='ltr'><strong>octogenarius</strong></span> <span class='ocrx_word' id='word_1_231' title='bbox 1412 3084 1446 3138; x_wconf 91' lang='lat' dir='ltr'><strong>et</strong></span> 
     </span>
     <span class='ocr_line' id='line_1_26' title="bbox 241 3175 1446 3263; baseline -0.002 -21"><span class='ocrx_word' id='word_1_232' title='bbox 241 3177 348 3242; x_wconf 93' lang='lat' dir='ltr'><strong>adhuc</strong></span> <span class='ocrx_word' id='word_1_233' title='bbox 373 3177 474 3260; x_wconf 89' lang='lat' dir='ltr'><strong>virgo,</strong></span> <span class='ocrx_word' id='word_1_234' title='bbox 489 3197 564 3240; x_wconf 90' lang='lat' dir='ltr'><strong>cum</strong></span> <span class='ocrx_word' id='word_1_235' title='bbox 592 3176 738 3240; x_wconf 87' lang='lat' dir='ltr'><strong>audisset</strong></span> <span class='ocrx_word' id='word_1_236' title='bbox 766 3175 818 3242; x_wconf 89' lang='lat' dir='ltr'><strong>die</strong></span> <span class='ocrx_word' id='word_1_237' title='bbox 846 3177 905 3240; x_wconf 87' lang='lat' dir='ltr'><strong>fati</strong></span> <span class='ocrx_word' id='word_1_238' title='bbox 934 3178 984 3241; x_wconf 89' lang='lat' dir='ltr'><strong>sui</strong></span> <span class='ocrx_word' id='word_1_239' title='bbox 1015 3177 1176 3262; x_wconf 80' lang='lat' dir='ltr'><strong>praeconia</strong></span> <span class='ocrx_word' id='word_1_240' title='bbox 1204 3177 1446 3263; x_wconf 90' lang='lat' dir='ltr'><strong>triumphorum</strong></span> 
     </span>
     <span class='ocr_line' id='line_1_27' title="bbox 241 3279 1446 3364; baseline -0.001 -20"><span class='ocrx_word' id='word_1_241' title='bbox 241 3303 375 3346; x_wconf 87' lang='lat' dir='ltr'><strong>suorum</strong></span> <span class='ocrx_word' id='word_1_242' title='bbox 390 3279 498 3358; x_wconf 87' lang='lat' dir='ltr'><strong>recoli,</strong></span> <span class='ocrx_word' id='word_1_243' title='bbox 513 3279 632 3364; x_wconf 89' lang='lat' dir='ltr'><strong>quibus</strong></span> <span class='ocrx_word' id='word_1_244' title='bbox 647 3279 717 3364; x_wconf 91' lang='lat' dir='ltr'><strong>ipse</strong></span> <span class='ocrx_word' id='word_1_245' title='bbox 739 3281 844 3344; x_wconf 90' lang='lat' dir='ltr'><strong>fuerat</strong></span> <span class='ocrx_word' id='word_1_246' title='bbox 868 3279 1161 3363; x_wconf 88' lang='lat' dir='ltr'><strong>frequentissimus,</strong></span> <span class='ocrx_word' id='word_1_247' title='bbox 1187 3279 1233 3343; x_wconf 92' lang='lat' dir='ltr'><strong>ait</strong></span> <span class='ocrx_word' id='word_1_248' title='bbox 1256 3301 1291 3344; x_wconf 91' lang='lat' dir='ltr'><strong>se</strong></span> <span class='ocrx_word' id='word_1_249' title='bbox 1317 3289 1446 3344; x_wconf 85' lang='lat' dir='ltr'><strong>tantum</strong></span> 
     </span>
     <span class='ocr_line' id='line_1_28' title="bbox 242 3381 1448 3467; baseline -0.002 -19"><span class='ocrx_word' id='word_1_250' title='bbox 242 3405 307 3448; x_wconf 90' lang='lat' dir='ltr'><strong>una</strong></span> <span class='ocrx_word' id='word_1_251' title='bbox 328 3382 462 3447; x_wconf 87' lang='lat' dir='ltr'><strong>victoria</strong></span> <span class='ocrx_word' id='word_1_252' title='bbox 483 3382 623 3467; x_wconf 89' lang='lat' dir='ltr'><strong>gloriari,</strong></span> <span class='ocrx_word' id='word_1_253' title='bbox 646 3390 680 3448; x_wconf 89' lang='lat' dir='ltr'><strong>et</strong></span> <span class='ocrx_word' id='word_1_254' title='bbox 701 3382 876 3467; x_wconf 90' lang='lat' dir='ltr'><strong>requisitus</strong></span> <span class='ocrx_word' id='word_1_255' title='bbox 899 3404 974 3466; x_wconf 92' lang='lat' dir='ltr'><strong>qua,</strong></span> <span class='ocrx_word' id='word_1_256' title='bbox 995 3381 1175 3466; x_wconf 91' lang='lat' dir='ltr'><strong>respondit,</strong></span> <span class='ocrx_word' id='word_1_257' title='bbox 1194 3385 1214 3418; x_wconf 92' lang='lat'>“</span> <span class='ocrx_word' id='word_1_258' title='bbox 1228 3381 1315 3448; x_wconf 76' lang='lat' dir='ltr'><strong>Quia</strong></span> <span class='ocrx_word' id='word_1_259' title='bbox 1340 3381 1448 3446; x_wconf 92' lang='lat' dir='ltr'><strong>inimi·</strong></span> 
     </span>
     <span class='ocr_line' id='line_1_29' title="bbox 242 3483 1449 3571; baseline -0.004 -19"><span class='ocrx_word' id='word_1_260' title='bbox 242 3509 354 3552; x_wconf 90' lang='lat' dir='ltr'><strong>corum</strong></span> <span class='ocrx_word' id='word_1_261' title='bbox 388 3485 624 3571; x_wconf 91' lang='lat' dir='ltr'><strong>nequissimum</strong></span> <span class='ocrx_word' id='word_1_262' title='bbox 660 3485 772 3551; x_wconf 90' lang='lat' dir='ltr'><strong>domui</strong></span> <span class='ocrx_word' id='word_1_263' title='bbox 805 3508 934 3552; x_wconf 89' lang='lat' dir='ltr'><strong>carnem</strong></span> <span class='ocrx_word' id='word_1_264' title='bbox 971 3485 1109 3550; x_wconf 90' lang='lat' dir='ltr'><strong>meam.&#39;&#39;</strong></span> <span class='ocrx_word' id='word_1_265' title='bbox 1153 3483 1279 3564; x_wconf 90' lang='lat' dir='ltr'><strong>Amice,</strong></span> <span class='ocrx_word' id='word_1_266' title='bbox 1305 3484 1358 3548; x_wconf 93' lang='lat' dir='ltr'><strong>hic</strong></span> <span class='ocrx_word' id='word_1_267' title='bbox 1388 3485 1449 3547; x_wconf 92' lang='lat' dir='ltr'><strong>im·</strong></span> 
     </span>
     <span class='ocr_line' id='line_1_30' title="bbox 240 3586 1451 3675; baseline -0.002 -21"><span class='ocrx_word' id='word_1_268' title='bbox 240 3601 371 3674; x_wconf 86' lang='lat' dir='ltr'><strong>perator</strong></span> <span class='ocrx_word' id='word_1_269' title='bbox 404 3589 560 3675; x_wconf 90' lang='lat' dir='ltr'><strong>inglorius</strong></span> <span class='ocrx_word' id='word_1_270' title='bbox 591 3589 760 3674; x_wconf 84' lang='lat' dir='ltr'><strong>migrasset</strong></span> <span class='ocrx_word' id='word_1_271' title='bbox 789 3611 808 3654; x_wconf 89' lang='lat' dir='ltr'><strong>a</strong></span> <span class='ocrx_word' id='word_1_272' title='bbox 843 3590 971 3668; x_wconf 74' lang='lat' dir='ltr'><strong>saeculo,</strong></span> <span class='ocrx_word' id='word_1_273' title='bbox 992 3588 1055 3652; x_wconf 93' lang='lat' dir='ltr'><strong>nisi</strong></span> <span class='ocrx_word' id='word_1_274' title='bbox 1075 3587 1105 3652; x_wconf 91' lang='lat' dir='ltr'><strong>ei</strong></span> <span class='ocrx_word' id='word_1_275' title='bbox 1126 3586 1251 3651; x_wconf 89' lang='lat' dir='ltr'><strong>fortiter</strong></span> <span class='ocrx_word' id='word_1_276' title='bbox 1277 3586 1451 3652; x_wconf 85' lang='lat' dir='ltr'><strong>restitisset</strong></span> 
     </span>
     <span class='ocr_line' id='line_1_31' title="bbox 241 3690 1451 3778; baseline -0.004 -20"><span class='ocrx_word' id='word_1_277' title='bbox 241 3713 315 3758; x_wconf 89' lang='lat' dir='ltr'><strong>cum</strong></span> <span class='ocrx_word' id='word_1_278' title='bbox 342 3715 405 3778; x_wconf 89' lang='lat' dir='ltr'><strong>qua</strong></span> <span class='ocrx_word' id='word_1_279' title='bbox 430 3703 467 3757; x_wconf 88' lang='lat' dir='ltr'><strong>tu</strong></span> <span class='ocrx_word' id='word_1_280' title='bbox 490 3693 689 3758; x_wconf 87' lang='lat' dir='ltr'><strong>familiariter</strong></span> <span class='ocrx_word' id='word_1_281' title='bbox 718 3715 886 3758; x_wconf 89' lang='lat' dir='ltr'><strong>assensum</strong></span> <span class='ocrx_word' id='word_1_282' title='bbox 908 3690 1070 3777; x_wconf 88' lang='lat' dir='ltr'><strong>pepigisti.</strong></span> <span class='ocrx_word' id='word_1_283' title='bbox 1117 3690 1242 3770; x_wconf 88' lang='lat' dir='ltr'><strong>Cicero,</strong></span> <span class='ocrx_word' id='word_1_284' title='bbox 1261 3699 1339 3775; x_wconf 92' lang='lat' dir='ltr'><strong>post</strong></span> <span class='ocrx_word' id='word_1_285' title='bbox 1353 3712 1451 3774; x_wconf 88' lang='lat' dir='ltr'><strong>repu-</strong></span> 
     </span>
    </p>
   </div>
   <div class='ocr_carea' id='block_1_3' title="bbox 273 3867 1453 3945">
    <p class='ocr_par' dir='ltr' id='par_1_4' title="bbox 273 3867 1453 3945">
     <span class='ocr_line' id='line_1_32' title="bbox 273 3867 1453 3945; baseline -0.01 -8"><span class='ocrx_word' id='word_1_286' title='bbox 273 3890 288 3920; x_wconf 75' lang='lat'>⁸</span> <span class='ocrx_word' id='word_1_287' title='bbox 304 3887 357 3937; x_wconf 79' lang='lat' dir='ltr'><strong>&#39;lhe</strong></span> <span class='ocrx_word' id='word_1_288' title='bbox 368 3893 421 3936; x_wconf 84' lang='lat' dir='ltr'><strong>text</strong></span> <span class='ocrx_word' id='word_1_289' title='bbox 431 3889 457 3936; x_wconf 91' lang='lat' dir='ltr'><strong>in</strong></span> <span class='ocrx_word' id='word_1_290' title='bbox 470 3887 507 3936; x_wconf 84' lang='lat' dir='ltr'><strong>St.</strong></span> <span class='ocrx_word' id='word_1_291' title='bbox 520 3887 643 3937; x_wconf 84' lang='lat' dir='ltr'><strong>Jerome&#39;s</strong></span> <span class='ocrx_word' id='word_1_292' title='bbox 655 3885 735 3935; x_wconf 80' lang='lat' dir='ltr'><strong>worlra</strong></span> <span class='ocrx_word' id='word_1_293' title='bbox 747 3886 827 3945; x_wconf 82' lang='lat' dir='ltr'><strong>reads,</strong></span> <span class='ocrx_word' id='word_1_294' title='bbox 895 3871 910 3930; x_wconf 67' lang='lat' dir='ltr'><strong>i</strong></span> <span class='ocrx_word' id='word_1_295' title='bbox 926 3869 971 3918; x_wconf 58' lang='lat'><strong>⁸⁶³</strong></span> <span class='ocrx_word' id='word_1_296' title='bbox 991 3869 1141 3930; x_wconf 57' lang='lat' dir='ltr'><strong>“Immo</strong></span> <span class='ocrx_word' id='word_1_297' title='bbox 1151 3867 1319 3926; x_wconf 63' lang='lat' dir='ltr'><strong>Msnmna,</strong></span> <span class='ocrx_word' id='word_1_298' title='bbox 1330 3867 1375 3916; x_wconf 69' lang='grc' dir='ltr'><strong>*θᾶ</strong></span> <span class='ocrx_word' id='word_1_299' title='bbox 1390 3872 1414 3917; x_wconf 67' lang='lat'><strong>⁰¹</strong></span> <span class='ocrx_word' id='word_1_300' title='bbox 1430 3871 1453 3918; x_wconf 73' lang='lat'><strong>⁸¹⁸</strong></span> 
     </span>
    </p>
   </div>
   <div class='ocr_carea' id='block_1_4' title="bbox 239 3949 1156 4034">
    <p class='ocr_par' dir='ltr' id='par_1_5' title="bbox 239 3949 1156 4034">
     <span class='ocr_line' id='line_1_33' title="bbox 239 3949 1156 4034; baseline -0.009 -16"><span class='ocrx_word' id='word_1_301' title='bbox 239 3972 297 4034; x_wconf 81' lang='lat' dir='ltr'><strong>qula</strong></span> <span class='ocrx_word' id='word_1_302' title='bbox 305 3983 369 4032; x_wconf 74' lang='lat' dir='ltr'><strong>pm</strong></span> <span class='ocrx_word' id='word_1_303' title='bbox 377 3969 473 4017; x_wconf 74' lang='lat' dir='ltr'><strong>audivit</strong></span> <span class='ocrx_word' id='word_1_304' title='bbox 481 3972 506 4017; x_wconf 80' lang='lat' dir='ltr'><strong>st</strong></span> <span class='ocrx_word' id='word_1_305' title='bbox 516 3983 565 4016; x_wconf 74' lang='lat' dir='ltr'><strong>nou</strong></span> <span class='ocrx_word' id='word_1_306' title='bbox 571 3971 670 4031; x_wconf 78' lang='lat' dir='ltr'><strong>penitus</strong></span> <span class='ocrx_word' id='word_1_307' title='bbox 684 3967 799 4016; x_wconf 77' lang='lat' dir='ltr'><strong>obedivit.</strong></span> <span class='ocrx_word' id='word_1_308' title='bbox 857 3952 967 4014; x_wconf 68' lang='lat' dir='ltr'><strong>W&#39;W·</strong></span> <span class='ocrx_word' id='word_1_309' title='bbox 982 3949 1038 3998; x_wconf 75' lang='lat' dir='ltr'><strong>MS·</strong></span> <span class='ocrx_word' id='word_1_310' title='bbox 1050 3949 1156 4010; x_wconf 65' lang='lat' dir='ltr'><strong>Buml·</strong></span> 
     </span>
    </p>
   </div>
   <div class='ocr_carea' id='block_1_5' title="bbox 242 4027 1452 4179">
    <p class='ocr_par' dir='ltr' id='par_1_6' title="bbox 242 4027 1452 4179">
     <span class='ocr_line' id='line_1_34' title="bbox 271 4027 1452 4112; baseline -0.011 -21"><span class='ocrx_word' id='word_1_311' title='bbox 271 4053 289 4110; x_wconf 87' lang='lat'><em>†</em></span> <span class='ocrx_word' id='word_1_312' title='bbox 305 4050 358 4099; x_wconf 70' lang='lat' dir='ltr'><strong>The</strong></span> <span class='ocrx_word' id='word_1_313' title='bbox 369 4055 422 4098; x_wconf 71' lang='lat' dir='ltr'><strong>tm</strong></span> <span class='ocrx_word' id='word_1_314' title='bbox 432 4052 459 4098; x_wconf 68' lang='lat' dir='ltr'><strong>i„</strong></span> <span class='ocrx_word' id='word_1_315' title='bbox 472 4049 685 4107; x_wconf 59' lang='lat' dir='ltr'><strong>st,J010m0h„‚</strong></span> <span class='ocrx_word' id='word_1_316' title='bbox 699 4052 741 4112; x_wconf 60' lang='lat' dir='ltr'><strong>qm·</strong></span> <span class='ocrx_word' id='word_1_317' title='bbox 755 4049 830 4111; x_wconf 59' lang='grc' dir='ltr'><strong>Μ,</strong></span> <span class='ocrx_word' id='word_1_318' title='bbox 897 4030 913 4093; x_wconf 79' lang='lat'>§</span> <span class='ocrx_word' id='word_1_319' title='bbox 931 4030 983 4078; x_wconf 84' lang='lat' dir='ltr'><strong>Tha</strong></span> <span class='ocrx_word' id='word_1_320' title='bbox 995 4033 1048 4078; x_wconf 81' lang='lat' dir='ltr'><strong>text</strong></span> <span class='ocrx_word' id='word_1_321' title='bbox 1056 4029 1155 4091; x_wconf 85' lang='lat' dir='ltr'><strong>printed</strong></span> <span class='ocrx_word' id='word_1_322' title='bbox 1162 4027 1187 4076; x_wconf 89' lang='lat' dir='ltr'><strong>iu</strong></span> <span class='ocrx_word' id='word_1_323' title='bbox 1198 4027 1235 4076; x_wconf 84' lang='lat' dir='ltr'><strong>st.</strong></span> <span class='ocrx_word' id='word_1_324' title='bbox 1243 4027 1366 4077; x_wconf 86' lang='lat' dir='ltr'><strong>Jerorne&#39;s</strong></span> <span class='ocrx_word' id='word_1_325' title='bbox 1374 4030 1452 4079; x_wconf 71' lang='lat' dir='ltr'><strong>vorle</strong></span> 
     </span>
     <span class='ocr_line' id='line_1_35' title="bbox 242 4112 1101 4179; baseline -0.023 -2"><span class='ocrx_word' id='word_1_326' title='bbox 242 4133 275 4179; x_wconf 84' lang='lat' dir='ltr'><strong>lio</strong></span> <span class='ocrx_word' id='word_1_327' title='bbox 287 4145 335 4178; x_wconf 74' lang='lat' dir='ltr'><strong>non</strong></span> <span class='ocrx_word' id='word_1_328' title='bbox 344 4129 460 4178; x_wconf 72' lang='lat' dir='ltr'><strong>eredidit.</strong></span> <span class='ocrx_word' id='word_1_329' title='bbox 864 4113 934 4160; x_wconf 84' lang='lat' dir='ltr'><strong>reads</strong></span> <span class='ocrx_word' id='word_1_330' title='bbox 949 4112 1101 4160; x_wconf 74' lang='lat' dir='ltr'><strong>Valeatlintst.</strong></span> 
     </span>
    </p>
   </div>
   <div class='ocr_carea' id='block_1_6' title="bbox 0 0 1811 4862">
    <p class='ocr_par' dir='ltr' id='par_1_7' title="bbox 0 0 1811 4862">
     <span class='ocr_line' id='line_1_36' title="bbox 0 0 1811 4862; baseline 0 0"><span class='ocrx_word' id='word_1_331' title='bbox 0 0 1811 4862; x_wconf 95' lang='lat' dir='ltr'><strong> </strong></span> 
     </span>
    </p>
   </div>
  </div>
 </body>
</html>
