3608 4862
403 547 469 606 lae
830 561 1017 607 cunarum
1044 559 1163 605 nasas
1402 555 1524 618 [Daune.
1539 557 1591 608 111.

401 737 548 816 grantem
577 736 648 794 toto
685 751 863 816 suspensus
893 729 928 794 in
958 729 1069 814 ipsum
1102 725 1220 806 animo,
1246 726 1442 812 tandemque
1470 725 1608 792 reflectit

402 833 515 898 oculos
530 842 677 920 erratque
692 833 801 898 silens.
845 832 1031 920 suspiciosa
1052 831 1234 914 timensque
1251 828 1312 892 sibi
1327 828 1459 894 domina
1471 851 1514 894 ne
1529 829 1606 915 quid

401 935 551 1014 advertit,
574 937 690 1023 quaerit
712 937 791 1023 quid
815 938 889 1016 hoc,
905 958 1002 1023 quare
1018 935 1075 1000 diu
1089 931 1268 1019 respexerit
1282 953 1348 996 non
1369 932 1606 1017 respicientem.

402 1037 465 1103 cui
481 1039 587 1120 Rollo,
607 1039 799 1105 “Libenter
814 1041 936 1124 aspexi,
958 1038 1045 1124 quod
1060 1038 1185 1102 utinam
1200 1055 1329 1121 semper
1349 1034 1477 1099 videam
1500 1036 1603 1100 nostri

401 1143 558 1228 temporis
569 1142 745 1229 praenobile
759 1143 954 1229 prodigium,
965 1141 1131 1206 hominem
1141 1161 1269 1225 genere,
1278 1138 1433 1217 moribus,
1443 1149 1477 1203 et
1490 1139 1604 1218 forma,

400 1244 523 1310 divitiis
538 1248 670 1312 etfama
684 1255 718 1311 et
732 1245 832 1309 totius
848 1256 941 1309 terrae
962 1241 1125 1308 favoribus
1148 1241 1320 1326 insignem,
1334 1251 1368 1305 et
1388 1241 1515 1326 qualem
1538 1263 1604 1306 non

402 1347 522 1434 reperit
536 1347 693 1433 scriptura
707 1369 747 1412 ex
762 1345 852 1412 omni
866 1355 956 1432 parte
972 1343 1136 1409 beatum.’'
1181 1344 1241 1408 Illa
1262 1365 1304 1408 ex
1316 1351 1408 1407 tants
1421 1343 1517 1408 laude
1532 1343 1605 1429 plus

404 1449 514 1514 animo
535 1450 731 1535 concipiens,
752 1472 850 1535 quam
873 1470 928 1514 ore
951 1447 1087 1527 habens,
1103 1446 1285 1524 subintulit,
1306 1449 1328 1483 “
1340 1446 1411 1510 Nec
1431 1447 1512 1510 mihi
1533 1447 1605 1533 pul-

400 1552 479 1616 cher
492 1552 630 1631 videtur,
644 1574 705 1617 nec
726 1553 834 1636 ipsum
849 1551 972 1616 bonum
995 1548 1136 1615 audivi.'’
1179 1546 1278 1612 Aliud
1303 1559 1412 1613 autem
1437 1549 1473 1613 in
1496 1561 1605 1615 mente

400 1663 519 1732 versat,
535 1652 656 1717 scilicet
671 1651 757 1737 quod
775 1653 868 1716 Rollo
882 1652 987 1716 fidelis
1012 1661 1046 1717 et
1063 1651 1222 1715 veridicus
1237 1660 1298 1730 est,
1313 1660 1348 1715 et
1368 1651 1457 1736 quod
1476 1653 1517 1717 ab
1532 1653 1603 1716 aliis

399 1755 546 1820 audierat
559 1754 662 1838 ipsius
677 1763 728 1818 est
741 1756 918 1820 assertione
936 1755 1144 1821 credendum.
1190 1754 1330 1819 Poenitet
1348 1755 1415 1838 jam
1431 1755 1540 1841 ipsum
1554 1778 1603 1822 re·

402 1860 535 1944 pulisse,
546 1859 615 1944 jam
630 1858 780 1945 desperat
789 1881 886 1946 posse
902 1859 1015 1924 redimi
1030 1859 1235 1944 quodactum
1249 1868 1310 1937 est,
1325 1869 1359 1922 et
1373 1881 1471 1944 quem
1484 1859 1604 1924 humil·

402 1962 516 2026 limum
542 1961 682 2046 superba
705 1972 879 2047 spreverat,
905 1961 1172 2048 superbissimum
1194 1962 1305 2027 horret
1325 1960 1457 2025 humilis
1480 1971 1603 2048 optare,

399 2087 540 2153 cumque
553 2076 632 2153 post
645 2066 862 2131 iterthalamo
878 2066 1040 2151 recipitur,
1055 2066 1132 2130 flere
1154 2065 1245 2144 libet,
1271 2087 1332 2130 nec
1351 2064 1427 2130 licet
1446 2065 1489 2130 ob
1512 2088 1603 2130 scan-

402 2169 532 2250 dalum3
564 2170 692 2235 dolores
717 2170 804 2235 enim
834 2169 976 2235 criminis
1003 2178 1152 2253 quoerunt
1176 2167 1321 2248 latibula,
1343 2177 1377 2232 et
1401 2169 1508 2233 noctis
1529 2169 1602 2234 filis

402 2281 542 2336 secretos
557 2270 707 2335 habitant
721 2293 867 2336 seorsum
889 2271 1059 2334 thalamos.
1105 2270 1186 2335 Inde
1211 2293 1246 2335 se
1271 2271 1401 2356 projicit
1422 2271 1458 2335 in
1481 2280 1604 2336 secreta

400 2395 549 2439 secessus
563 2374 681 2456 intimi,
702 2375 940 2460 exploratisque
963 2373 1122 2460 plorando
1148 2375 1301 2453 consiliis,
1327 2397 1391 2439 una
1412 2375 1543 2440 tandem
1570 2383 1603 2440 et

401 2478 507 2543 audax
531 2478 637 2563 placet
664 2478 834 2557 sententia,
860 2477 981 2542 nuncio
1006 2486 1130 2543 tentare
1157 2478 1185 2543 si
1209 2479 1319 2542 venire
1345 2479 1494 2564 dignetur
1519 2479 1603 2545 desi-

397 2579 552 2646 derantis.
597 2581 717 2647 Evolat
740 2581 864 2666 legatus
886 2590 921 2644 et
944 2581 1110 2644 ardentem
1130 2579 1391 2665 concupiscentia
1413 2581 1540 2646 reducit
1552 2582 1603 2646 in-

400 2683 598 2764 flammante,
609 2685 785 2771 jussusque
794 2683 925 2750 recedit.
970 2683 1131 2748 Ornatam
1146 2683 1243 2768 igitur
1257 2681 1377 2748 Veneri
1391 2682 1516 2768 sibique
1531 2685 1604 2749 tha-

400 2788 522 2852 lamum
536 2809 689 2852 arcanum
707 2809 834 2851 summa
857 2786 998 2852 secuturi
1012 2796 1088 2851 vota
1103 2784 1298 2866 subintrant,
1312 2795 1346 2852 et
1359 2787 1444 2851 inter
1458 2788 1603 2853 eundum

399 2889 507 2973 inquit
520 2890 584 2969 illa,
606 2894 628 2927 “
644 2889 774 2954 Miraris
789 2889 935 2968 forsitan,
958 2889 1143 2954 dulcissime
1158 2889 1214 2968 mi,
1230 2911 1301 2974 quae
1317 2911 1369 2954 me
1391 2889 1451 2954 tibi
1465 2899 1532 2954 tam
1548 2912 1604 2955 su·

399 2990 470 3055 bito
485 3013 581 3056 causa
595 3002 671 3077 post
692 3001 744 3057 tot
768 3002 835 3056 tam
861 2991 1006 3058 crudeles
1022 2992 1146 3057 dederit
1159 2993 1365 3078 negationem
1390 2993 1484 3060 Rollo
1507 3017 1602 3059 causa

399 3093 474 3173 fuit,
489 3116 565 3159 nam
586 3096 679 3160 mmm
694 3117 761 3159 non
777 3094 985 3172 credideram,
1001 3093 1058 3157 sed
1082 3115 1140 3158 sua
1154 3093 1234 3157 mihi
1249 3116 1345 3179 quem
1360 3096 1601 3161 veracissimum

397 3199 478 3262 novi
506 3199 668 3284 persuasit
695 3198 831 3263 assertio
857 3207 890 3264 te
917 3197 1092 3282 Appolline
1115 3197 1303 3277 doctiorem,
1329 3199 1411 3264 Jove
1434 3199 1602 3279 leniorem,

400 3300 511 3365 Marte·
524 3299 710 3380 leoniorem,
725 3321 784 3385 pro
805 3309 962 3384 tempore,
977 3299 1061 3379 loco,
1076 3307 1110 3364 et
1131 3299 1241 3378 mode,
1256 3321 1317 3364 nec
1341 3311 1392 3364 est
1410 3300 1518 3388 aliqua
1540 3303 1601 3367 diis

399 3404 475 3468 data
489 3412 606 3490 praeter
619 3402 832 3470 aeternitatem
852 3403 999 3481 felicitas,
1019 3424 1115 3488 quam
1131 3425 1198 3467 non
1215 3401 1280 3466 tuis
1300 3403 1486 3488 adjunxerit
1498 3405 1602 3470 laudi-

398 3506 471 3571 bus.
517 3505 659 3584 credidi,
674 3509 787 3585 fateor,
802 3515 836 3569 et
851 3515 945 3590 capta
960 3525 1044 3584 sum,
1059 3515 1093 3569 et
1114 3526 1187 3569 ecce
1203 3503 1262 3569 tibi
1284 3505 1481 3571 desideratas
1500 3508 1600 3573 offero

399 3610 473 3674 laeta
488 3609 650 3674 delicias.''
681 3609 727 3673 Et
741 3608 916 3687 decumbit,
931 3619 965 3673 et
979 3607 1122 3686 attrahit,
1140 3607 1331 3694 frenumque
1353 3609 1453 3674 furori
1475 3631 1600 3694 ponens

398 3711 579 3798 respondit,
600 3714 623 3748 ‘⁴
637 3711 816 3796 Nunquam
830 3733 850 3774 a
865 3711 952 3774 Raso
968 3709 1097 3774 Rolloni
1112 3731 1171 3795 pro
1186 3709 1384 3795 benignitate
1404 3712 1601 3778 retribuetur

397 3815 537 3900 injuria;
562 3812 756 3879 inurbanum
772 3815 858 3878 enim
874 3823 925 3878 est
935 3823 973 3877 ut
984 3813 1011 3877 ei
1025 3813 1155 3876 thorum
1166 3813 1295 3893 violem,
1307 3835 1404 3899 quem
1418 3815 1500 3879 mihi
1512 3825 1600 3879 totus

398 3919 530 4004 negavit
544 3918 642 3998 orbis,
656 3927 690 3981 et
707 3917 778 4001 ipse
792 3916 976 4004 praestitit?
1021 3915 1075 3981 Sic
1089 3916 1234 3981 abscedit
1254 3925 1290 3981 et
1308 3916 1469 3996 abstinet3
1490 3927 1600 4004 potest

398 4032 432 4087 et
446 4043 512 4086 non
535 4030 586 4087 est
600 4030 840 4105 transgressus3
861 4019 982 4086 vicerat
1003 4019 1108 4105 ipsam
1132 4030 1170 4084 ut
1185 4018 1247 4084 sibi
1264 4029 1385 4104 parcat,
1400 4021 1502 4086 vincit
1517 4021 1600 4107 seip-

398 4146 472 4188 sum
483 4133 522 4188 ut
541 4123 612 4209 ipss
626 4129 753 4200 careat3
772 4122 906 4187 victoria
920 4123 1009 4209 prior
1023 4122 1080 4187 diu
1094 4122 1203 4202 dilata,
1217 4123 1379 4207 posterior
1392 4123 1458 4188 cito
1473 4123 1599 4203 collata,
