3650 4852
276 505 406 570 caput]
647 507 695 552 mr
719 507 830 554 noors
854 507 1079 553 cunrnuruu.
1421 495 1461 560 19

260 655 402 721 velocior
425 677 501 720 cum
527 657 679 742 erumpit,
702 668 736 724 et
758 668 934 745 propagata
957 659 1078 724 viritim
1101 655 1282 736 admiratio,
1306 680 1371 745 quo
1396 659 1462 742 pri-

260 758 367 822 vatius
390 758 507 823 dicitur
530 780 569 823 eo
593 759 803 845 multiplicius
827 760 1019 846 publicatur.
1065 759 1140 823 Hoc
1166 769 1275 823 autem
1297 759 1374 823 inde
1400 769 1462 838 eat,

262 860 350 944 quod
365 859 472 924 omnis
486 861 615 926 auditor
628 863 684 947 qui
699 862 740 926 ab
755 861 818 926 alio
833 861 1004 926 celandum
1019 859 1136 945 accipit
1150 860 1253 924 amico
1277 859 1330 923 alii
1351 881 1462 924 secure

262 963 448 1028 committit.
494 962 650 1028 Moestam
665 973 703 1030 ut
717 963 800 1028 vidit
814 984 871 1028 rex
892 972 926 1028 et
950 964 985 1026 in
1008 983 1095 1026 novo
1120 961 1247 1026 silentio
1271 961 1403 1040 curiam,
1430 972 1464 1026 et

262 1085 411 1150 egressus
422 1065 536 1131 urbem
548 1066 645 1132 curioe
660 1067 812 1151 compati,
824 1088 942 1151 augure
958 1065 1155 1131 conscientia
1165 1064 1233 1148 jam
1250 1064 1312 1128 sibi
1323 1065 1363 1128 de
1377 1066 1464 1128 fama

263 1169 392 1248 maurit,
420 1179 453 1234 et
476 1169 579 1234 nostri
605 1191 695 1234 more
721 1169 867 1234 deiectus
887 1177 965 1254 post
990 1179 1062 1233 acta
1084 1167 1163 1253 quid
1188 1168 1289 1252 egerit
1314 1169 1464 1247 attendit,

264 1271 462 1357 edoctusque
485 1294 505 1336 a
528 1271 674 1356 pluribus
698 1272 853 1336 invidiam
877 1295 941 1357 qua
954 1272 1062 1356 ipsum
1077 1271 1259 1356 proditores
1283 1271 1333 1334 sui
1348 1273 1465 1336 sedux-

263 1383 356 1438 erant
368 1374 642 1440 inconsolabiliter
657 1375 756 1454 dolet,
771 1385 805 1439 et
830 1376 910 1439 iram
936 1385 1016 1440 tunc
1041 1375 1147 1460 primo
1166 1375 1290 1457 justam
1317 1374 1351 1437 in
1375 1375 1464 1458 ipsos

263 1475 449 1542 inventores
459 1486 492 1541 et
501 1487 689 1542 executores
699 1478 828 1542 sceleris
838 1479 938 1556 ultus,
950 1478 1052 1542 oculis
1063 1478 1206 1562 privatos
1216 1485 1250 1540 et
1260 1477 1465 1562 genitalibus,

263 1578 385 1643 indicta
405 1600 469 1662 qua
488 1589 583 1644 nocte
598 1588 754 1663 perpetue
769 1589 954 1663 resectaque
976 1580 1143 1664 voluptate
1165 1580 1205 1643 de
1226 1591 1342 1644 caetero
1357 1579 1466 1644 vivere

265 1680 388 1745 dimisit
411 1682 446 1744 iu
462 1681 575 1746 mortis
590 1682 738 1764 imagine.
785 1682 985 1766 Hujusmodi
1001 1692 1078 1746 sunt
1091 1682 1183 1745 lusus
1199 1681 1305 1761 curioe,
1328 1690 1362 1746 et
1387 1682 1466 1746 tales

263 1783 312 1848 ibi
325 1784 512 1848 daemonum
537 1782 703 1848 illusiones
715 1809 725 1862 3
748 1792 782 1848 et
805 1785 988 1870 quicunque
1013 1783 1188 1849 delectatur
1213 1783 1344 1870 aliquod
1358 1784 1467 1848 videre

265 1894 453 1969 portentum
468 1884 665 1968 ingrediatur
680 1884 783 1948 curias
800 1895 982 1968 potentum.
1027 1886 1073 1948 Et
1097 1894 1145 1963 tu,
1168 1908 1242 1950 cum
1266 1895 1378 1950 nostra
1392 1907 1467 1971 pro·

266 1986 383 2050 cadosa
397 2008 464 2071 praa
479 1987 604 2051 crateris
619 1996 722 2050 mater
737 1987 947 2051 afflictionum
962 1996 995 2050 et
1009 1986 1128 2049 irarum
1153 1988 1274 2066 nutrix,
1298 1989 1383 2053 inter
1408 1990 1466 2052 has

264 2089 413 2172 proecipis
428 2089 553 2172 poetari
568 2088 744 2153 discordias
754 2113 764 2168 3
789 2088 908 2154 videris
931 2109 983 2152 me
1010 2087 1185 2152 calcaribus
1203 2111 1316 2173 urgere
1335 2089 1467 2153 Balaam

265 2190 382 2275 quibua
398 2190 432 2252 in
446 2190 545 2254 verba
558 2189 664 2274 coegit
677 2189 811 2254 asinam.
857 2188 986 2255 Quibus
1002 2189 1087 2253 enim
1101 2189 1171 2252 aliis
1186 2191 1292 2275 possit
1307 2191 1467 2274 quispiam

264 2289 375 2355 induci
390 2289 487 2354 simul
501 2291 535 2354 in
550 2291 699 2374 poesim?
746 2291 792 2354 At
805 2290 898 2354 valde
914 2291 1013 2354 timeo
1028 2312 1069 2353 ne
1086 2290 1165 2352 mihi
1177 2312 1235 2374 per
1248 2289 1468 2375 insipientiam

266 2393 358 2457 cedat
381 2392 415 2456 in
441 2391 636 2456 contrarium
663 2391 772 2468 asinae,
795 2401 828 2454 et
843 2391 902 2454 tibi
916 2391 950 2454 in
966 2390 1162 2453 contrarium
1178 2389 1320 2468 Balaam,
1336 2401 1374 2456 ut
1388 2392 1468 2455 dum

265 2517 318 2558 me
326 2492 415 2578 loqui
425 2492 632 2577 compelleres
640 2491 793 2577 incipiam
805 2492 930 2571 rudere,
943 2490 1089 2555 sicutilla
1099 2511 1160 2575 pro
1168 2490 1395 2554 ruditulocuta
1407 2500 1468 2572 est,

264 2595 442 2680 lecerisque
457 2597 497 2658 de
511 2594 644 2658 homine
659 2594 797 2673 asinum,
813 2615 909 2679 quem
925 2591 1081 2657 debueras
1093 2593 1195 2658 lacere
1210 2601 1352 2677 poetam.
1376 2593 1468 2658 Fiam

266 2707 376 2762 tamen
391 2697 500 2760 asinus
509 2718 568 2781 per
578 2707 621 2772 te,
634 2697 709 2781 quia
713 2696 810 2781 jubes
821 2723 829 2760 ι
856 2705 893 2760 tu
908 2717 1031 2772 caveas,
1047 2694 1076 2759 si
1088 2715 1139 2758 me
1151 2695 1278 2758 ruditus
1290 2695 1413 2760 ruditas
1426 2696 1469 2758 ri-

267 2798 410 2864 diculum
425 2798 609 2876 reddiderit,
625 2819 666 2862 ne
681 2808 713 2862 te
733 2798 891 2884 jussionis
913 2797 1119 2862 irreverentia
1141 2795 1258 2880 probet
1280 2797 1468 2862 inverecun-

268 2900 356 2966 dum.
401 2900 442 2963 In
457 2897 605 2984 pluribus
620 2909 671 2965 est
685 2901 783 2964 timor
798 2923 890 2966 meus
903 2926 911 2964 ι
934 2921 987 2964 me
1001 2899 1119 2963 macies
1135 2897 1300 2962 accusabit
1314 2899 1469 2978 scientiar,

267 3026 319 3069 me
344 3003 462 3088 linguae
488 3002 655 3066 damnabit
676 3002 821 3081 infantie,
848 3022 901 3067 me
925 3009 1113 3066 contemnet
1139 3002 1213 3087 quia
1239 3002 1314 3066 vivo
1341 3003 1469 3068 moder-

265 3107 360 3170 nitas.
403 3106 456 3169 Tu
481 3105 564 3168 duos
590 3104 712 3188 primos
737 3104 870 3168 timores
885 3124 1031 3182 excusas,
1047 3103 1102 3187 qui
1118 3104 1233 3187 jubes:
1261 3127 1320 3188 ego
1336 3106 1467 3169 tertium

267 3210 390 3274 auferre
413 3209 502 3286 nolo,
528 3206 603 3292 quia
627 3207 736 3270 vivere
761 3207 846 3271 volu.
892 3205 1065 3270 Materiam
1092 3205 1172 3269 mihi
1197 3215 1265 3268 tum
1302 3207 1467 3290 copiosam

267 3311 368 3398 eligis,
383 3322 422 3376 ut
435 3311 525 3375 nullo
540 3309 646 3394 possit
663 3331 760 3395 opere
775 3309 930 3393 superari,
945 3308 1043 3372 nullis
1058 3308 1177 3392 oequari
1191 3307 1367 3388 laboribus,
1383 3310 1469 3374 dicta

267 3416 389 3480 scilicet
403 3423 437 3477 et
451 3414 534 3477 facta
548 3435 620 3498 quae
635 3412 782 3476 nondum
796 3412 912 3476 litterae
934 3411 1052 3476 tradita
1078 3420 1174 3488 sunt3
1197 3433 1396 3496 quecunque
1420 3410 1469 3473 di-

268 3517 331 3581 dici
346 3514 551 3598 conspectius
566 3513 685 3578 habere
700 3514 901 3592 miraculum,
916 3525 954 3577 ut
968 3512 1114 3576 recitatio
1129 3513 1254 3596 placeat
1267 3513 1350 3576 etad
1362 3533 1468 3576 mores

266 3615 382 3682 tendat
396 3613 576 3677 instructio.
623 3613 738 3677 Meum
754 3623 862 3678 autem
880 3613 957 3676 inde
978 3612 1184 3698 propositum
1210 3622 1261 3675 est
1285 3612 1367 3675 nibil
1392 3614 1470 3677 novi

267 3715 395 3794 cudere,
419 3715 500 3778 nihil
522 3713 673 3778 falsitatis
695 3715 812 3778 iuferre
824 3739 834 3792 3
857 3713 915 3778 sed
939 3735 1138 3797 quaecunque
1162 3712 1228 3776 scio
1255 3735 1295 3778 ex
1320 3713 1394 3776 visu
1417 3713 1469 3778 vel

268 3819 363 3886 credo
386 3817 555 3883 exauditu
580 3838 639 3902 pro
664 3814 787 3880 viribus
811 3816 979 3900 explicare.
1026 3805 1223 3878 Gillebertus
1254 3814 1352 3878 Filiot
1381 3839 1468 3882 nuno

268 3919 489 3988 Lundinensis
505 3919 708 4004 episcopus*
719 3917 769 3981 vir
783 3917 881 3981 trium
893 3913 1108 4002 peritissimus
1123 3915 1315 4000 linguarum,
1331 3917 1469 3992 Latina,

300 4075 316 4106 θ
333 4073 431 4123 Gilbcrt
442 4072 533 4130 Foliot,
542 4083 590 4120 oue
599 4068 746 4118 olthemort
754 4067 853 4116 learned
888 4065 950 4114 1163
963 4080 991 4114 οι
1005 4065 1068 4114 1164
1080 4067 1152 4117 tobis
1164 4069 1247 4132 daath,
1259 4070 1340 4120 which
1351 4071 1372 4120 ie
1384 4051 1470 4135 placed

269 4155 405 4206 meuolbir
413 4148 852 4216 timemarblrhopolboudoulrom
885 4148 912 4198 ln
935 4147 992 4197 Feb.
1025 4151 1086 4200 1187
1111 4149 1227 4217 (Mtte).
1262 4153 1384 4204 Mattbew
1401 4153 1470 4202 Paria
