3650 4852
369 445 412 504 24
805 457 993 504 ouanraar
1018 459 1141 504 uncas
1401 457 1521 520 [Durine.
1535 459 1558 508 1.
1589 415 1600 426 ι

369 618 448 674 sunt
462 607 497 672 in
512 607 675 694 stipendia
689 608 842 690 militum,
857 609 933 674 facti
949 610 1112 675 mercedes
1134 617 1169 674 et
1182 629 1304 673 merces
1319 629 1443 674 comm.
1489 610 1575 674 Cum

369 721 421 776 tot
442 712 489 775 illi
512 711 830 776 contribulatissimae
856 713 980 776 civitati
1004 713 1171 798 prophetae
1197 711 1349 775 dixerunt
1373 711 1516 776 ululatus
1542 719 1577 775 et

367 823 489 898 pestes,
504 814 611 878 clades
626 823 660 877 et
675 823 808 893 mortes,
822 815 882 878 hac
896 814 967 878 vice
981 815 1110 879 videtur
1124 813 1287 878 Dominus
1310 834 1423 877 eorum
1447 812 1575 877 oracula

368 916 561 980 cumulasse.
594 914 687 999 Saepe
699 915 848 980 liberavit
863 936 933 980 eam
943 916 1118 995 Dominus,
1133 924 1167 980 et
1177 915 1211 978 in
1223 915 1313 981 omni
1323 915 1440 979 furoris
1449 915 1576 1000 impetu

368 1039 436 1082 uon
450 1027 502 1082 est
516 1017 637 1082 oblitus
653 1018 722 1102 ejus
738 1017 903 1097 misereri,
927 1028 960 1082 at
974 1040 1062 1081 nunc
1078 1017 1135 1080 ubi
1160 1017 1249 1080 nulla
1274 1017 1453 1096 seminaria,
1476 1017 1575 1082 nulloe

367 1119 521 1204 reliquias,
536 1119 618 1182 nihil
633 1128 684 1182 est
698 1119 877 1199 residuum,
893 1141 965 1204 quae
979 1142 1067 1184 nunc
1081 1119 1238 1200 liberatio,
1254 1141 1326 1204 quse
1347 1142 1435 1184 nunc
1458 1141 1575 1206 expec-

367 1221 459 1301 tatio,
472 1242 544 1306 quae
555 1242 643 1284 nunc
653 1221 881 1286 misericordiae
897 1223 997 1307 spes?
1044 1221 1140 1286 Certe
1155 1220 1318 1286 Dominus
1333 1222 1474 1287 Jhesus:
1498 1223 1575 1287 lieet

367 1343 465 1390 nemo
479 1323 588 1387 videat
602 1322 690 1386 unde
705 1322 811 1407 possit
832 1332 890 1386 aut
917 1323 1080 1407 quomodo
1106 1323 1153 1388 rei
1177 1344 1310 1408 prorsus
1335 1325 1470 1408 perditae
1497 1323 1575 1388 sub·

366 1425 480 1490 veniri.
524 1425 611 1488 Nam
625 1425 713 1488 idem
727 1425 798 1509 ipse
816 1425 873 1509 qui
888 1424 1036 1488 surditati
1062 1425 1125 1488 fuit
1149 1425 1291 1504 auditus,
1317 1425 1454 1490 caecitati
1479 1425 1574 1505 visio,

366 1528 456 1607 putri
484 1536 614 1592 mortuo
643 1527 720 1605 vita,
746 1549 808 1590 nos
838 1548 896 1611 per
920 1527 1135 1612 impossibilia
1156 1527 1259 1591 multa
1288 1526 1398 1590 docuit
1422 1527 1457 1590 in
1483 1526 1573 1590 nullo

367 1629 617 1712 desperandum.
663 1629 783 1692 Factus
803 1637 855 1692 cst
869 1629 947 1692 olim
969 1629 1060 1693 velut
1083 1629 1234 1693 inimicus
1261 1649 1354 1693 servo
1377 1650 1436 1692 suo
1467 1627 1576 1692 David

368 1736 493 1791 amator
503 1728 572 1811 ejus
582 1725 757 1805 Dominus,
770 1725 811 1789 ob
827 1727 1086 1790 numerationem
1101 1727 1214 1811 populi
1229 1749 1326 1812 quam
1341 1728 1470 1806 lecerat,
1482 1726 1575 1812 quasi

367 1829 499 1893 meritas
524 1829 555 1891 ei
579 1827 692 1891 laudes
718 1827 924 1892 victoriarum
948 1827 1117 1912 abrogans,
1151 1837 1186 1891 et
1217 1829 1309 1913 quasi
1345 1829 1407 1892 sibi
1443 1850 1575 1913 suaeque

368 1930 572 1994 multitudini
609 1929 795 2014 praeliorum
820 1929 983 1994 ascribens
1014 1941 1161 2008 eventus,
1189 1939 1223 1993 et
1245 1952 1303 2014 per
1326 1932 1476 2016 angelum
1500 1952 1575 2016 per·

367 2049 533 2096 cussorem
548 2031 753 2116 septuaginta
769 2031 858 2095 milia
872 2032 1047 2096 trucidavit
1068 2033 1251 2098 hominum.
1295 2033 1474 2118 castigatio
1499 2033 1573 2113 fuit,

367 2155 435 2197 non
456 2133 550 2212 ultio,
576 2155 649 2218 quae
665 2133 850 2218 superbiam
865 2135 1057 2214 humiliavit,
1073 2156 1145 2219 quae
1167 2156 1235 2198 non
1257 2136 1402 2200 hostium
1417 2136 1493 2200 lecit
1507 2137 1576 2201 vic-

366 2235 494 2315 toriam,
520 2258 588 2300 non
611 2235 818 2301 inimicorum
841 2237 959 2301 extulit
995 2237 1137 2316 laudem,
1165 2258 1231 2300 non
1269 2236 1388 2302 civium
1422 2236 1575 2302 excitavit

366 2336 533 2416 invidiam,
548 2359 616 2401 uon
631 2338 860 2403 verecundiam
875 2339 970 2418 laesit,
992 2361 1060 2403 uon
1082 2339 1204 2402 inflixit
1228 2339 1380 2417 dedecus,
1404 2361 1471 2404 non
1494 2339 1574 2404 resi·

367 2438 526 2504 duitatem
541 2439 677 2503 abstulit
684 2465 695 2520 3
718 2462 790 2525 quaa
815 2443 950 2505 modum
973 2441 1098 2520 babuit,
1122 2462 1194 2525 quae
1213 2439 1330 2504 direxit
1352 2462 1472 2525 regem,
1497 2463 1571 2526 quae

365 2540 525 2624 populum
534 2562 593 2625 pro
605 2551 697 2625 parte
712 2542 853 2606 servavit
868 2542 1097 2620 seminarium
1122 2542 1193 2607 baec
1207 2551 1332 2627 patrem
1348 2542 1468 2606 sentire
1483 2542 1573 2608 dedit

366 2663 434 2706 non
448 2643 590 2720 hostem,
603 2643 727 2726 virgam
749 2664 817 2707 non
841 2643 995 2727 gladium.
1039 2644 1117 2708 Non
1140 2645 1204 2708 ruit
1228 2644 1275 2709 ibi
1299 2665 1407 2708 rerum
1432 2645 1572 2709 vastatio

366 2744 419 2806 vel
441 2744 660 2828 possessionis
686 2743 848 2823 alienatio,
874 2766 934 2808 nec
960 2753 1011 2808 est
1035 2745 1228 2809 translatum
1252 2745 1445 2830 imperium3
1477 2748 1573 2812 archa

365 2845 497 2924 resedit,
524 2867 614 2909 sacra
635 2855 836 2925 manserunt,
862 2846 1064 2932 residuisque
1090 2847 1265 2928 securitas3
1296 2859 1443 2913 mortuos
1458 2871 1572 2914 nume-

365 2957 530 3027 raverunt,
553 2949 758 3033 planxerunt,
783 2950 1002 3035 sepelierunt3
1032 2950 1116 3015 felici
1147 2951 1249 3034 gavisi
1276 2961 1352 3015 sunt
1374 2951 1572 3016 infelicitatis

350 3049 466 3142 'exitu
511 3051 576 3116 Sed
600 3051 672 3137 quis
694 3053 794 3137 hujus
815 3053 953 3119 infinitas
976 3053 1204 3118 misericordia
1226 3053 1312 3133 finis,
1337 3054 1412 3139 quia
1433 3077 1571 3139 quorum

364 3153 494 3218 vincula
503 3153 661 3237 disrumpi
670 3154 821 3238 promisit
835 3156 1010 3236 Dominus,
1026 3157 1180 3220 effrontes
1195 3166 1229 3221 et
1244 3157 1391 3222 effrenati
1406 3159 1571 3222 daemones

365 3263 473 3320 totum
501 3255 563 3319 sibi
578 3255 666 3340 quod
680 3257 874 3336 honestatis,
889 3258 977 3341 quod
1002 3256 1094 3336 boni,
1120 3257 1206 3341 quod
1232 3258 1307 3333 Dei,
1329 3279 1389 3342 per
1414 3280 1490 3322 suos
1515 3281 1573 3343 ap·

364 3356 614 3444 propriaverunt
627 3358 680 3423 vel
690 3358 901 3438 deleveruut3
925 3361 1012 3444 quod
1022 3360 1221 3444 ignominia,
1233 3360 1321 3445 quod
1330 3358 1472 3440 malitiae,
1484 3361 1571 3445 quod

364 3482 461 3524 suum
476 3458 673 3538 extulerunt,
688 3467 722 3523 et
743 3459 778 3521 in
794 3481 922 3523 summa
935 3459 981 3523 ibi
995 3483 1075 3546 pace
1091 3461 1300 3527 stabilissimo
1317 3472 1495 3527 sanxerunt
1512 3461 1571 3526 ob-

241 3579 246 3588 ·
362 3571 468 3638 tentu,
483 3562 529 3626 sic
538 3571 648 3626 autem
658 3570 697 3625 ut
701 3561 770 3646 jam
780 3561 838 3626 fiat
846 3563 998 3627 voluntas
1013 3584 1127 3628 eorum
1139 3564 1224 3628 sicut
1236 3564 1272 3628 in
1286 3565 1415 3630 inferno
1430 3565 1476 3629 sic
1491 3564 1570 3629 etin

363 3671 456 3728 terra.
479 3663 637 3748 castigati
647 3674 724 3728 sunt
732 3663 779 3728 illi
788 3687 856 3729 non
867 3663 1062 3745 mortificati,
1073 3666 1131 3730 sed
1142 3664 1196 3730 isti
1208 3665 1465 3731 mortificatinon
1475 3667 1571 3730 casti-

363 3765 439 3847 gati.
476 3766 564 3832 Moti
574 3777 653 3832 sunt
662 3768 739 3834 hinc
750 3768 927 3832 multorum
938 3767 1050 3852 pedes,
1059 3777 1093 3833 et
1101 3770 1195 3833 effusi
1203 3791 1334 3854 gressus
1344 3769 1569 3856 plurimorum,

364 3886 431 3931 non
445 3869 684 3934 attendentium
699 3871 785 3954 quod
800 3892 869 3936 non
882 3878 934 3936 est
947 3869 1002 3936 hic
1015 3879 1128 3936 nostra
1141 3870 1334 3938 Jerusalem.
1379 3873 1451 3938 Nos
1460 3881 1570 3937 autem
