3610 4852
370 519 434 576 286
796 533 983 577 nonarum
1008 532 1129 576 nassa
1390 535 1557 598 [premar.

371 703 444 766 fons
485 711 536 766 est
573 723 669 786 quem
700 701 727 764 si
753 702 836 786 quis,
874 712 912 766 ut
944 702 1045 780 aiunt,
1088 701 1266 787 gustaverit
1296 703 1421 769 Gallice
1459 703 1574 768 barba·

371 804 462 884 rizat,
491 805 578 868 unde
608 826 682 868 curn
711 805 827 868 vitiose
848 804 919 890 quis
942 806 997 869 illa
1019 805 1128 890 lingua
1156 804 1309 890 loquitur,
1332 807 1468 870 dicimus
1498 829 1573 870 eum

370 906 459 990 loqui
476 905 637 970 Gallicum
653 906 889 991 Merleburgae:
913 907 1000 971 unde
1017 907 1109 990 Map,
1128 928 1202 970 cum
1220 907 1365 972 audisset
1386 929 1461 972 eum
1476 906 1574 971 verba

370 1009 594 1094 resignationis
626 1009 759 1072 domino
785 1009 923 1073 Ricardo
951 1009 1176 1074 cantuariensi
1206 1009 1322 1088 dicere,
1346 1021 1380 1074 et
1403 1010 1574 1096 quaesisset

371 1113 523 1176 dominus
553 1111 813 1197 archiepiscopus
843 1112 884 1176 ab
910 1135 960 1192 eo,
990 1117 1011 1148 “
1028 1112 1117 1179 Quid
1145 1112 1334 1197 loquerisl’'
1357 1113 1471 1178 volens
1497 1134 1572 1176 eum

370 1215 485 1280 iterare
507 1215 595 1300 quod
621 1215 755 1293 dixerat,
778 1225 816 1278 ut
838 1237 952 1280 omnes
983 1213 1143 1292 audirent,
1168 1224 1202 1278 et
1226 1213 1299 1299 ipso
1321 1223 1460 1293 tacente,
1486 1237 1574 1300 quae-

371 1326 456 1381 reret
475 1318 565 1396 item,
588 1321 609 1354 “
623 1316 711 1383 Quid
725 1316 867 1400 loqueris
880 1317 912 1380 l''
936 1316 1105 1401 respondit
1126 1337 1186 1401 pro
1208 1337 1247 1380 eo
1271 1316 1363 1401 Map,
1379 1316 1575 1382 “Gallicum

374 1417 623 1504 Merleburgae.''
668 1418 864 1484 Ridentibus
879 1420 977 1504 igitur
991 1419 1072 1497 aliis,
1087 1419 1157 1503 ipse
1172 1419 1305 1484 recessit
1320 1420 1432 1484 iratus.
1474 1421 1573 1485 Anno

371 1524 520 1609 proximo
529 1523 802 1588 renuntiationem
812 1522 1455 1608 praecedente,districtionerigidanonut
1463 1533 1574 1608 pastor

372 1628 429 1691 sed
443 1628 602 1692 violenter
617 1634 766 1710 exegerat
780 1625 821 1689 ab
837 1625 989 1690 omnibus
1010 1626 1153 1690 ecclesiis
1175 1626 1335 1712 parochiae
1351 1648 1418 1690 suae
1434 1627 1574 1692 decimas

370 1729 517 1793 omnium
542 1728 776 1794 obventionum
803 1750 944 1807 suarum,
970 1738 1004 1792 et
1026 1728 1168 1812 singulas
1192 1738 1317 1794 taxarat
1342 1739 1376 1792 et
1396 1730 1573 1794 secundum

370 1833 533 1918 propriam
568 1830 817 1896 estimationem
855 1831 996 1894 decimas
1030 1830 1263 1915 extorquebat;
1300 1842 1438 1916 quatuor
1465 1842 1574 1896 autem

370 1955 493 1996 marcas
508 1931 548 1996 ab
564 1931 700 1996 ecclesia
711 1932 804 2017 Map,
816 1953 888 2016 quoe
904 1932 1020 1996 dicitur
1036 1932 1205 2010 Eswaella,
1217 1933 1377 2018 jactanter
1387 1941 1421 1997 et
1436 1933 1575 2019 superbe

370 2035 431 2100 sibi
442 2035 579 2121 jubebat
593 2034 700 2098 afferri
715 2034 838 2098 ratione
855 2057 918 2118 qua
934 2033 1096 2120 spoliabat
1110 2035 1198 2099 alias.
1242 2035 1302 2100 Ille
1314 2036 1429 2114 noluit,
1444 2035 1502 2100 sed
1517 2038 1575 2102 do-

370 2138 459 2201 mino
472 2148 583 2202 nostro
594 2137 661 2221 regi
677 2145 812 2220 questus
828 2145 889 2215 est,
900 2135 954 2220 qui
964 2136 1087 2200 ducens
1098 2136 1237 2200 electum
1248 2135 1339 2199 illum
1350 2137 1385 2199 in
1396 2137 1574 2203 thalamum

369 2239 555 2304 interiorem
570 2238 739 2322 castigavit
750 2259 825 2301 eum
841 2237 947 2320 dignis
962 2235 1070 2301 verbis
1090 2245 1123 2299 et
1137 2237 1223 2301 fuste
1238 2236 1350 2316 nobili,
1365 2259 1406 2301 ne
1422 2237 1574 2324 deinceps

371 2342 493 2406 clericis
509 2342 665 2406 molestus
680 2341 715 2404 in
726 2340 832 2423 aliquo
843 2339 944 2403 fieret.
990 2337 1282 2402 Undeverberatus
1298 2340 1422 2423 egregie
1436 2341 1575 2422 rediens,

368 2443 404 2508 in
420 2467 533 2509 omnes
554 2444 650 2508 curiae
675 2443 781 2508 socios
806 2442 910 2506 minas
935 2442 1054 2504 multas
1077 2441 1219 2520 intorsit,
1241 2451 1275 2506 et
1299 2441 1334 2505 in
1355 2453 1574 2509 accusatorem

372 2569 467 2610 suurn
493 2547 665 2633 praecipue,
692 2546 841 2610 cuicum
864 2545 948 2608 forte
971 2545 1088 2607 fuisset
1113 2542 1252 2624 obviam,
1270 2544 1391 2630 juravit
1406 2545 1576 2631 perfidem

371 2672 468 2734 quam
490 2651 628 2715 debebat
650 2649 734 2736 patri
759 2670 819 2713 suo
844 2649 921 2733 regi,
948 2649 1035 2732 quod
1059 2647 1168 2732 ipsum
1193 2647 1272 2712 dure
1287 2659 1448 2713 tractaret.
1494 2650 1575 2736 Map

371 2763 480 2818 autern
495 2755 600 2818 sciens
615 2754 723 2839 ipsum
737 2752 771 2816 in
784 2751 976 2838 juramentis
992 2749 1059 2814 suis
1071 2760 1196 2835 patrem
1213 2773 1308 2814 suum
1324 2773 1455 2837 ponere,
1472 2753 1529 2816 sed
1544 2763 1577 2818 et

374 2876 480 2938 regem
493 2855 653 2938 jactanter
668 2875 796 2937 semper
810 2873 984 2938 apponere,
999 2851 1055 2931 ait,
1071 2855 1092 2888 “
1102 2851 1254 2930 Domine,
1271 2852 1390 2916 Paulus
1408 2855 1576 2939 apostolus

374 2955 462 3033 dicit,
487 2955 603 3018 Estote
629 2954 807 3018 imitatores
827 2953 901 3031 Dei,
932 2952 1017 3017 sicut
1038 2951 1096 3014 filii
1119 2951 1275 3016 carissimi
1285 2955 1317 3031 ς*
1341 2953 1441 3018 Filius
1468 2966 1577 3020 autem

375 3058 439 3123 Dei
456 3059 546 3122 Deus
560 3067 672 3121 noster
687 3079 721 3120 se
736 3057 921 3140 frequenter
941 3056 1120 3120 secundum
1142 3054 1351 3121 infirmiorem
1376 3058 1426 3121 sui
1451 3070 1577 3143 partem

376 3184 410 3226 se
425 3162 528 3226 filium
542 3160 684 3226 hominis
700 3158 838 3238 dicebat,
853 3159 950 3224 tacita
966 3159 1071 3223 Patris
1080 3158 1219 3236 deitate3
1241 3159 1365 3223 utinam
1375 3171 1409 3225 et
1423 3171 1460 3224 tu
1472 3163 1579 3226 consi·

375 3264 445 3330 mili
458 3263 558 3329 velles
574 3261 754 3326 humiditate
770 3263 877 3348 jurare
901 3261 1080 3325 secundum
1105 3261 1217 3323 matris
1241 3261 1382 3326 officium
1405 3263 1577 3349 aliquando

376 3368 477 3433 celata
491 3365 592 3450 patris
607 3364 781 3449 regalitate.
826 3362 880 3428 Sic
906 3362 998 3426 decet
1021 3361 1138 3424 imitari
1154 3361 1264 3425 Deum
1281 3363 1336 3446 qui
1350 3362 1396 3426 nil
1411 3364 1477 3447 egit
1491 3387 1577 3429 arro·

374 3471 518 3556 gauter.''
562 3469 647 3533 Tum
662 3469 726 3547 ille,
741 3467 845 3552 capite
861 3465 1009 3550 regaliter
1017 3474 1056 3527 ut
1067 3487 1138 3528 mos
1150 3476 1218 3529 erat
1232 3465 1279 3528 illi
1293 3488 1463 3546 concusso,
1473 3468 1577 3534 minas

376 3573 528 3638 intonuit.
575 3572 655 3655 Map
671 3581 779 3634 autem
794 3570 922 3654 adjecit,
938 3568 1078 3632 “Audio
1103 3568 1191 3652 quod
1213 3589 1272 3632 vos
1298 3570 1479 3650 emendavi,
1494 3572 1579 3636 sicut

377 3673 637 3758 archiepiscopus
674 3693 808 3735 uxorem
855 3670 978 3733 suam.'’
1036 3669 1178 3735 Quidam
1207 3678 1316 3734 autem
1347 3674 1579 3754 constantium,

376 3782 398 3816 “
409 3778 497 3844 Quid
512 3776 620 3840 hoc?”
675 3776 722 3839 At
735 3775 789 3838 ille
806 3772 866 3837 sibi
882 3772 1094 3836 murmuravit
1108 3772 1141 3835 in
1157 3794 1244 3852 aure,
1259 3774 1346 3858 quod
1360 3797 1442 3839 uxor
1457 3778 1579 3844 archie-

378 3881 505 3968 piscopi
528 3879 691 3944 dormiens
716 3901 790 3942 cum
813 3877 869 3941 illo
896 3876 1044 3961 strepuit,
1059 3885 1093 3941 et
1107 3875 1148 3940 ab
1163 3876 1402 3964 archiepiscopo
1426 3902 1579 3964 percussa

379 3985 561 4070 restrepuit.
608 3984 683 4050 Hoc
707 4005 780 4047 cum
808 3980 952 4045 audisset
976 3980 1097 4044 electus
1119 3979 1159 4044 ab
1180 3979 1247 4060 illo,
1269 3991 1421 4067 tanquam
1437 4005 1477 4048 ex
1492 3984 1580 4050 illata

831 4117 846 4152 *
864 4118 911 4180 Ep.
923 4117 953 4165 ad
965 4117 1055 4181 Ephes.
1066 4133 1090 4166 v.
1104 4119 1127 4166 l.
