3610 4852
216 553 327 618 espa]
625 555 670 600 ns
698 555 806 600 soors
831 557 1055 602 cusrnnruu.
1339 543 1400 610 217

201 722 325 786 sionem
341 721 529 787 clericorum
544 723 579 786 iu
595 725 816 809 rogationibus
831 726 960 806 invasit,
972 736 1007 791 et
1021 725 1170 792 clericum
1187 725 1262 790 inda
1274 735 1402 811 raptum

201 825 235 889 in
251 825 410 890 sentinam
427 827 543 890 domus
559 848 626 891 snoe
641 829 788 913 projecit,
814 829 890 914 quia
913 830 1016 894 filium
1035 851 1130 894 suum
1145 829 1252 914 lapide
1267 830 1403 894 laeserat.

203 927 301 992 Quod
313 937 351 990 nt
365 927 431 1012 regi
445 927 588 992 innotuit
604 928 801 1009 Christiano,
812 931 835 996 J
837 931 966 996 udaeam
981 931 1015 994 in
1030 954 1145 1016 rogum
1161 931 1314 1016 praecepit
1329 952 1404 1015 pro-

199 1029 266 1114 jici.
311 1029 404 1094 Nihil
426 1030 456 1094 ei
481 1033 687 1116 profecerunt
710 1044 767 1098 aut
789 1035 890 1098 totius
910 1035 1053 1099 Francia
1078 1056 1200 1119 preces,
1223 1046 1280 1097 aut
1295 1033 1404 1098 omnia

203 1133 226 1198 J
227 1132 332 1198 udaiei
347 1133 460 1219 populi
475 1135 563 1200 milia
585 1136 793 1203 talentorum.
831 1136 1062 1223 Respondebat
1076 1149 1184 1202 autem
1200 1136 1355 1202 flentibus
1370 1147 1405 1202 et

202 1235 389 1321 petentibus
415 1259 483 1318 rex,
508 1238 624 1303 “Volo
647 1239 751 1304 sciant
764 1239 873 1306 Judaei
895 1263 991 1306 canes
1009 1263 1029 1304 a
1046 1241 1304 1306 Christianorum
1329 1263 1403 1326 pro·

203 1341 404 1406 cessionibus
416 1343 603 1408 arcendos.''
627 1344 708 1409 Haec
716 1345 798 1409 forte
810 1344 923 1410 frivola
933 1353 1010 1409 sunt
1018 1356 1052 1410 et
1060 1345 1186 1429 magnis
1195 1346 1305 1429 inepta
1316 1347 1404 1430 pagi-

204 1444 266 1521 nis,
278 1445 337 1508 sed
351 1445 432 1509 meis
448 1446 525 1509 satis
541 1455 616 1530 apta
628 1455 706 1510 suut
716 1446 889 1526 schedulis,
905 1447 1047 1531 mihique
1062 1447 1215 1511 videntur
1230 1448 1314 1532 stylo
1330 1469 1404 1511 meo

206 1547 339 1632 majora.
376 1547 604 1632 Meproesente
617 1547 768 1626 Parisios,
784 1559 891 1613 ortum
903 1551 1047 1615 estinter
1060 1551 1192 1615 clericos
1208 1560 1241 1614 et
1255 1550 1354 1614 laicos
1368 1549 1403 1614 in

204 1650 288 1734 regis
303 1650 401 1735 hujus
421 1649 509 1715 curia
533 1673 689 1730 murmur,
715 1663 749 1717 et
773 1653 910 1717 invaluit
928 1655 1056 1734 seditio,
1077 1655 1213 1739 laicique
1228 1654 1405 1739 praevalue-

205 1763 292 1832 mnt,
304 1763 337 1818 et
348 1755 537 1818 clericorum
546 1754 703 1838 plurimos
715 1755 749 1820 in
758 1757 876 1842 pugnis
891 1769 925 1823 et
936 1758 1078 1822 fustibus
1088 1760 1168 1823 dure
1183 1757 1405 1836 visitaverunt,

207 1863 240 1918 et
265 1859 360 1941 regiae
389 1858 509 1922 conscii
526 1859 662 1943 justitiae
684 1861 836 1944 fugerunt
855 1862 897 1924 ad
918 1861 1061 1926 latibula.
1104 1862 1327 1927 Veruntamen
1348 1883 1405 1925 rex

206 1959 330 2024 audivit
355 1960 528 2024 clamorem
543 1982 731 2046 pauperum,
747 1961 838 2026 venit
856 1973 888 2026 et
907 1962 1148 2047 pauperrimum
1163 1963 1287 2027 invenit
1302 1964 1405 2028 modi-

206 2083 344 2148 cumque
370 2085 506 2148 puerum
529 2065 564 2128 in
590 2086 693 2150 cappa
716 2065 817 2150 nigra,
839 2087 958 2130 corona
985 2067 1085 2130 fracta
1112 2067 1406 2151 sanguinolentum,

206 2176 239 2229 et
254 2164 295 2229 ab
310 2166 382 2251 ipso
393 2166 543 2251 quoesivit
557 2167 628 2252 quis
643 2166 717 2246 hoc,
728 2177 762 2231 et
777 2168 921 2232 ostendit
931 2169 961 2232 ei
975 2191 1057 2254 puer
1071 2169 1260 2254 magistrum
1276 2169 1408 2234 cubicu-

205 2270 358 2333 lariorum
380 2271 508 2354 reginoe,
538 2271 613 2354 quia
637 2292 741 2356 nuper
764 2271 900 2335 duxerat
926 2272 1009 2356 regis
1034 2272 1256 2357 Hispanorum
1279 2273 1409 2351 liliam,il

207 2371 261 2455 qui
276 2392 334 2454 per
350 2369 534 2455 superbiam
551 2372 793 2456 majestatisque
809 2372 948 2458 propriae
964 2374 1209 2458 persuasionem
1225 2397 1285 2439 nec
1299 2375 1408 2459 fugere

207 2475 433 2560 dignatusest,
449 2497 509 2542 nec
532 2476 573 2539 ad
595 2475 753 2540 rationem
777 2477 905 2560 positus
930 2499 1066 2562 negare3
1089 2488 1217 2543 tantum
1240 2479 1410 2562 respondit

207 2599 344 2663 puerum
360 2579 390 2643 ei
413 2579 554 2642 convitia
569 2578 701 2642 dixisse.
739 2577 864 2664 Captus
880 2589 930 2644 est
940 2579 1044 2663 igitur
1055 2581 1150 2664 jussu
1165 2581 1264 2665 regio,
1279 2581 1408 2646 vinctus

209 2692 242 2746 et
257 2683 394 2746 eductus
410 2683 452 2746 ad
465 2681 536 2746 loca
551 2681 782 2767 patibulorum.
825 2682 929 2746 Audit
944 2691 977 2746 et
1000 2683 1139 2747 attonita
1152 2684 1191 2747 fit
1201 2685 1277 2748 inde
1288 2685 1408 2768 regina,

208 2795 372 2870 properat,
388 2786 537 2864 occurrit,
561 2787 745 2870 sparsisque
761 2785 903 2850 crinibus
919 2785 1002 2870 regis
1023 2797 1074 2850 est
1094 2787 1245 2851 advoluta
1261 2786 1411 2872 pedibus,

210 2898 243 2952 et
258 2889 354 2952 curioe
373 2899 444 2953 tota
459 2888 634 2952 multitudo
650 2888 818 2974 multoque
843 2897 960 2972 petunt
983 2889 1110 2952 ululatu
1123 2889 1272 2968 veniam3
1296 2889 1411 2974 allegat

210 2993 459 3078 generositatem
478 2991 538 3054 viri
553 3000 588 3055 et
602 2990 805 3076 sapientiam,
820 2992 909 3077 quod
931 3001 964 3055 et
986 2992 1119 3056 tradidit
1134 3015 1209 3057 eum
1225 3003 1317 3078 pater
1332 3015 1410 3056 suus

211 3097 281 3180 ejus
297 3096 446 3160 manibus
461 3104 496 3159 et
509 3117 605 3174 curae,
624 3095 806 3180 mirumque
829 3095 965 3180 contigit
988 3096 1076 3181 quod
1099 3118 1174 3159 eum
1195 3096 1412 3162 misericordia

211 3209 356 3264 moveret
370 3201 408 3263 ad
433 3197 622 3285 lachrymas.
660 3199 884 3262 Nihilominus
899 3220 974 3262 eum
995 3199 1100 3284 coegit
1115 3200 1154 3263 ad
1172 3200 1329 3265 ultionem
1340 3201 1413 3284 jus·

211 3303 292 3381 titia,
309 3324 505 3387 manumque
528 3303 692 3366 dexteram
716 3301 746 3366 ei
766 3302 873 3386 jusset
890 3301 1051 3386 amputari
1078 3323 1140 3386 qua
1163 3324 1315 3366 coronam
1339 3323 1412 3386 per-

212 3416 366 3472 cusserat.
411 3407 504 3470 Idem
530 3428 604 3470 cum
630 3407 769 3470 Fontem
795 3404 939 3480 Blaadi†
959 3404 1112 3488 jussisset
1135 3404 1238 3468 excoli
1265 3405 1413 3488 cingique

212 3509 324 3588 muris,
341 3510 445 3574 locum
462 3510 652 3590 maximum,
667 3519 796 3574 montes
812 3519 845 3572 et
859 3507 970 3587 valles,
992 3508 1099 3570 fontes
1120 3517 1154 3572 et
1169 3529 1312 3586 nemora,
1335 3529 1414 3592 qua-

212 3612 301 3676 tinus
316 3610 362 3674 ibi
377 3612 579 3676 mansionem
596 3612 663 3675 suis
679 3612 799 3675 faceret
813 3609 943 3688 delitiis,
960 3609 1155 3673 constructis
1166 3609 1234 3693 jam
1251 3609 1414 3689 domibus,

212 3714 341 3778 viveriis
365 3713 458 3778 factis
481 3724 514 3777 et
536 3713 648 3792 muris,
673 3712 769 3777 fossis
797 3721 831 3776 et
858 3711 1113 3797 aquaeductibus
1139 3711 1280 3776 rusticus
1310 3712 1416 3777 incola

212 3817 310 3882 vicini
332 3818 391 3882 soli
407 3827 551 3901 quaestus
567 3829 618 3882 est
632 3817 771 3901 aliquam
788 3815 854 3900 agri
879 3817 931 3878 sui
955 3824 1080 3900 partem
1102 3815 1197 3900 regiis
1224 3826 1415 3901 occupatam

246 3930 355 3980 *Leuis
376 3931 438 3979 VII.
457 3931 563 3979 married
586 3930 732 3988 Genaunes,
754 3929 797 3978 the
862 3929 1094 3986 †Foutainehlean.
1128 3929 1416 3980 Thisisadirectstate·

213 4015 333 4075 daughter
344 4013 371 4062 ol
384 4013 486 4062 Alsouso
494 4011 581 4071 vul„
591 4012 652 4074 king
661 4012 689 4060 ol
698 4011 798 4069 Castile,
831 4019 898 4061 ment
910 4013 963 4060 that
974 4013 1015 4060 the
1033 4012 1115 4074 palace
1131 4011 1158 4059 ol
1169 4011 1357 4062 Fontaiuehlean
1368 4029 1417 4062 was

212 4097 240 4145 in
253 4098 324 4154 11⁵4,
338 4095 400 4144 after
416 4095 455 4143 his
473 4096 570 4144 divorce
581 4096 644 4143 from
657 4094 763 4142 Eleanor
774 4093 802 4143 ol
830 4095 937 4144 founded
956 4093 1211 4157 byLonisleJeuue.
1248 4094 1271 4143 lt
1282 4096 1353 4144 stood
1365 4097 1419 4144 ina

215 4177 335 4228 Galenus.
829 4176 935 4238 hosting
947 4176 1023 4225 forest
1034 4176 1063 4225 of
1072 4176 1113 4226 the
1127 4174 1217 4238 king’s.

261 4280 372 4324 chun.
398 4280 472 4324 soc.
1189 4267 1246 4321 ts
