3650 4852
385 509 427 571 32
820 529 1008 575 aonnrnar
1032 528 1154 574 sanans
1417 522 1539 585 [natine.
1552 521 1574 570 1.

385 679 557 764 quicquam
573 679 777 744 certitudinis
792 680 898 746 dicere
912 681 1021 768 potuit
1029 708 1039 763 3
1064 687 1214 746 asserunt
1229 687 1262 742 et
1276 673 1425 760 armigeri
1439 673 1487 738 tui
1502 673 1591 757 quod

386 782 484 846 armis
500 781 566 846 tuis
582 805 601 846 a
616 793 648 848 te
663 784 801 869 receptis
817 784 858 849 ab
873 786 976 850 oculis
992 807 1104 852 eorum
1120 781 1257 850 evanisti
1273 801 1347 844 cum
1362 800 1446 864 aquo
1461 786 1530 841 tue.
1553 775 1591 840 si

385 905 463 948 vero
479 885 571 970 cupis
586 885 697 950 audire
712 887 797 971 quod
814 887 854 951 de
869 896 902 952 te
924 888 1103 973 loquuntur
1124 885 1159 948 in
1182 883 1244 963 via,
1271 880 1421 946 demissis
1444 878 1589 944 vultibus

386 987 588 1052 audiamus.''
632 989 664 1052 A
687 988 932 1053 transeuntibus
957 989 1056 1074 igitur
1078 1008 1171 1052 secus
1187 1007 1244 1049 eoa
1270 982 1442 1047 audierunt
1466 980 1590 1045 Hame-

385 1088 444 1153 rici
454 1090 614 1175 praeconia
621 1111 681 1175 per
692 1091 837 1176 singulos
849 1101 882 1154 et
891 1113 1024 1176 magnas
1036 1090 1148 1154 laudes
1159 1085 1302 1152 hominis
1313 1106 1371 1170 per
1382 1083 1590 1148 timiditatem

387 1191 479 1276 prius
494 1191 650 1257 infamati.
696 1193 838 1258 Miratur
851 1195 934 1278 ipse,
949 1192 1070 1256 nullius
1085 1187 1193 1254 meriti
1208 1185 1439 1252 conscientiam
1453 1185 1589 1266 habens,

386 1304 420 1357 et
430 1293 486 1357 vix
495 1295 626 1358 tandem
642 1295 782 1360 advertit
792 1295 879 1378 quod
894 1294 926 1358 ei
940 1295 1183 1379 dispensaverat
1193 1288 1358 1355 Dominus
1368 1287 1535 1368 vimrium,
1546 1309 1588 1352 ne

384 1397 523 1482 gaudere
533 1397 668 1462 scciisui
676 1399 857 1482 possentde
865 1391 1377 1482 misadespecta,velipsadolere
1385 1390 1588 1477 derespectu,

387 1498 539 1585 deditque
555 1522 590 1564 se
605 1522 680 1564 cum
696 1500 848 1565 omnibus
864 1521 935 1584 quae
957 1499 1147 1583 possederat
1168 1496 1242 1560 Deo
1260 1492 1436 1578 domuique
1451 1495 1588 1579 templa·

384 1601 482 1681 num,
492 1612 525 1666 et
535 1603 628 1666 auxit
642 1625 699 1667 eos
713 1603 865 1682 multum,
880 1612 918 1666 ut
933 1601 1059 1666 dicitur.
1105 1597 1320 1664 Postmodum
1332 1605 1441 1660 autem
1453 1619 1543 1682 reges
1555 1605 1589 1662 et

385 1703 548 1789 principes
563 1703 687 1788 opinati
703 1713 781 1767 sunt
794 1703 1000 1789 propositum
1015 1725 1129 1767 eorum
1143 1702 1268 1766 bonum
1283 1709 1317 1763 et
1342 1699 1443 1764 vitam
1468 1699 1589 1763 hones-

386 1815 503 1886 tum,et
512 1807 698 1871 interventu
706 1827 863 1891 paparum
873 1815 907 1870 et
916 1805 1170 1890 patriarcharum
1179 1825 1235 1868 eos
1245 1801 1336 1887 quasi
1347 1801 1588 1866 Christianismi

386 1909 572 1973 defensores
587 1910 838 1988 honoraverunt,
853 1917 887 1974 et
902 1909 1003 1994 copiis
1015 1908 1150 1972 infinitis
1163 1914 1388 1972 oneraverunt.
1414 1904 1490 1968 Jam
1499 1905 1589 1988 quod

385 2011 493 2096 placet
505 2021 646 2097 possunt
660 2021 693 2076 et
708 2012 795 2097 quod
804 2011 959 2076 affectant
972 2019 1199 2095 assequuntur.
1222 2008 1395 2090 Nusquam
1409 2016 1511 2091 egunt
1524 2007 1589 2071 nisi

386 2113 610 2192 Jerosolimis3
633 2113 679 2177 ibi
693 2111 836 2198 gladium
850 2112 1014 2197 accipiunt
1028 2113 1062 2176 in
1077 2112 1214 2176 tutelam
1234 2108 1484 2188 Christianismi,
1500 2109 1589 2194 quod

387 2216 483 2280 Petro
498 2215 700 2302 prohibitum
715 2225 766 2281 est
780 2215 813 2279 in
830 2215 1051 2280 defensionem
1069 2212 1222 2278 Christi*
1267 2212 1382 2275 Petrus
1408 2209 1452 2274 ibi
1476 2211 1589 2276 didicit

385 2340 499 2403 paoem
515 2340 656 2404 quaerere
672 2319 849 2404 patientia3
873 2318 983 2383 nescio
999 2317 1071 2402 quis
1085 2319 1147 2382 hos
1163 2314 1274 2381 docuit
1296 2319 1433 2399 pacem†
1459 2315 1587 2379 vincere

384 2420 547 2486 violentia.
594 2420 749 2484 Gladium
764 2420 938 2504 accipiunt,
953 2430 987 2484 et
1000 2419 1107 2504 gladio
1128 2427 1276 2505 pereunt.
1320 2417 1446 2481 Dicunt
1465 2426 1587 2494 tamen,

385 2543 499 2586 omnes
514 2524 601 2608 leges
624 2532 658 2587 et
681 2523 790 2587 omnia
800 2523 875 2607 jura
897 2523 966 2586 vim
980 2522 1014 2586 vi
1035 2521 1189 2606 repellere
1213 2517 1418 2605 permittunt.
1462 2518 1508 2583 At
1532 2518 1588 2582 ille

382 2620 487 2706 legem
514 2623 598 2686 hanc
623 2623 741 2700 renuit,
765 2620 821 2704 qui
845 2621 941 2684 Petro
965 2619 1167 2703 percutiente
1192 2617 1373 2704 legionibus
1399 2620 1587 2705 angelorum

383 2723 541 2808 imperare
561 2722 676 2786 noluit.
720 2722 857 2786 Videtur
871 2730 981 2784 autem
996 2721 1083 2806 quod
1098 2721 1162 2806 ipsi
1186 2731 1312 2806 partem
1338 2722 1495 2807 optimam
1518 2745 1587 2788 non

385 2825 561 2909 elegerunt,
577 2845 651 2887 cum
666 2822 728 2887 sub
744 2843 856 2887 eorum
870 2823 1072 2907 protectione
1087 2825 1191 2888 nostri
1206 2846 1334 2911 semper
1348 2825 1429 2890 fines
1453 2825 1488 2888 in
1513 2847 1587 2911 par-

385 2923 473 2988 tibus
489 2925 551 2988 illis
567 2934 732 2990 arctentur
747 2933 781 2991 et
795 2923 971 2989 dilatentur
985 2925 1130 2989 hostium
1139 2950 1150 3004 3
1174 2926 1210 2989 in
1231 2927 1332 2992 verbo
1358 2927 1492 2992 Domini
1508 2949 1587 2992 eon-

385 3027 563 3112 quisierant
581 3027 731 3113 apostoli,
752 3050 820 3092 non
834 3028 869 3091 in
885 3049 940 3091 ore
956 3027 1065 3112 gladii,
1086 3029 1329 3110 Dammascum,
1345 3029 1587 3109 Alexandriam,

384 3151 597 3215 magnamque
613 3130 727 3194 mundi
739 3139 866 3215 partem
881 3150 978 3213 quam
993 3128 1119 3214 gladius
1134 3130 1252 3195 amisit.
1297 3131 1406 3195 David
1420 3143 1529 3197 antem
1544 3133 1587 3196 ad

385 3232 503 3297 Goliad
519 3233 696 3320 egrediens,
711 3233 757 3298 ait
766 3236 795 3313 :ss
819 3236 843 3270 “
852 3233 904 3296 Tu
918 3231 1010 3296 venis
1025 3232 1066 3295 ad
1081 3255 1133 3296 me
1148 3255 1222 3297 cum
1237 3235 1345 3314 armis,
1368 3245 1402 3300 et
1416 3258 1475 3321 ego
1490 3236 1586 3300 venio

384 3334 426 3398 ad
441 3342 473 3398 ta
486 3335 522 3398 in
536 3335 669 3400 nornine
684 3335 830 3414 Domini,
846 3343 885 3397 ut
908 3333 1060 3398 universa
1085 3333 1166 3397 sciat
1189 3336 1323 3400 ecclesia
1346 3337 1434 3421 quod
1458 3360 1524 3402 non
1549 3337 1586 3404 in

381 3437 488 3522 gladio
501 3438 603 3504 salvat
612 3439 809 3503 Dominus.''
845 3437 953 3501 Nemo
963 3459 1049 3500 sanor
1060 3437 1179 3501 mentis
1191 3438 1335 3524 ambigit,
1345 3441 1421 3524 quin
1434 3441 1586 3505 ordinum

382 3541 605 3608 institutiones
621 3542 661 3608 de
675 3542 766 3608 fonte
781 3540 868 3605 bona
884 3560 1011 3624 semper
1035 3539 1116 3605 serie
1140 3552 1379 3627 processerunt,
1402 3543 1585 3608 humilitate

418 3747 432 3775 ⁸
450 3744 621 3795 Matthaei.
634 3749 675 3794 51.
703 3745 779 3796 Joan.
792 3743 860 3792 xviii.
879 3746 919 3791 lo.
1002 3743 1191 3792 renioadtein
1201 3743 1300 3793 nomine
1312 3743 1413 3794 Domini
1422 3745 1587 3794 exercituum.

416 3826 434 3883 †
448 3825 511 3874 mn
522 3827 589 3874 word
599 3828 621 3875 ia
631 3827 761 3876 indistinet
772 3826 797 3874 in
809 3826 852 3874 tha
864 3825 919 3874 MS.
1004 3857 1011 3872 .
1031 3859 1038 3873 .
1056 3861 1063 3874 .
1082 3825 1117 3874 Et
1135 3825 1232 3875 norant
1258 3825 1374 3874 universa
1394 3825 1498 3875 eeclesia
1520 3826 1584 3883 haec,

417 3903 541 3968 sslReg.
554 3904 614 3956 xvii.
635 3909 676 3965 ⁴5,
695 3909 736 3957 46.
772 3907 870 3956 “Dixit
887 3911 969 3955 numm
1003 3905 1060 3969 quia
1070 3906 1427 3969 noningladionecinhasta
1437 3907 1517 3955 salvat
1530 3907 1587 3955 Dc.

386 3985 470 4034 David
481 3985 512 4032 ad
530 3986 718 4038 Philisthaum:
736 3988 776 4037 Tu
792 3989 863 4038 vanis
881 3987 913 4038 ad
930 4002 970 4038 me
1002 3989 1099 4038 minus:
1118 3988 1196 4052 ipsias
1208 3989 1275 4038 anim
1285 3994 1325 4038 est
1340 3988 1442 4048 bellum,
1459 3992 1485 4038 et
1504 3987 1589 4038 medat

388 4079 446 4115 cum
457 4065 539 4128 gladio
551 4071 577 4116 et
587 4068 660 4118 hasta
669 4072 695 4116 et
710 4069 812 4130 clypeos
830 4083 876 4132 ego
887 4073 970 4118 autem
1002 4083 1046 4119 ros
1055 4069 1082 4118 ln
1093 4083 1181 4120 manna
1192 4069 1316 4121 ηοω-υἷ’
