3608 4862
400 496 461 554 134
820 511 1010 556 onsarnsr
1027 513 1148 558 uenus
1417 509 1538 570 [Daune.
1552 511 1602 562 111.

396 679 575 758 descendit,
590 679 746 765 equisque
759 678 895 744 mutatis
919 680 985 746 lreti
1008 686 1206 766 properant3
1227 679 1308 744 falsa
1322 677 1454 744 domina
1476 701 1512 744 se
1537 679 1603 744 falli

396 803 463 847 non
478 782 586 861 sentit,
601 792 636 847 et
650 782 758 846 nescia
772 804 837 868 quo
852 783 966 846 tendat
978 791 1055 847 voto
1070 781 1215 867 sequitur
1234 780 1334 846 irrite.
1380 781 1468 845 Rsso
1493 780 1603 847 labore

395 883 500 948 victus
512 895 546 949 et
553 885 650 970 longa
658 884 766 971 vigilia
777 882 940 949 dormitio
949 905 1032 969 equo
1047 893 1081 950 et
1095 882 1136 948 sb
1148 903 1248 948 uxore
1260 891 1399 947 stertens
1408 883 1601 967 agnoscitur.

395 987 478 1051 Orat
491 987 546 1052 ills
560 989 647 1073 quod
661 989 826 1054 modicum
841 988 980 1053 divertet
1000 989 1106 1054 donec·
1122 985 1308 1066 dormierit3
1330 985 1383 1050 ille
1398 984 1530 1052 divertit
1544 987 1601 1052 sed

394 1089 588 1158 descendere
618 1092 722 1170 timet,
744 1092 854 1157 lancea
879 1092 980 1156 fultus
1005 1113 1157 1156 somnum
1181 1090 1278 1176 capit.
1323 1089 1423 1156 Miles
1448 1110 1524 1175 ergo
1548 1089 1601 1156 cui

394 1217 462 1259 non
483 1217 635 1260 concessa
660 1195 810 1260 scandala
832 1195 975 1274 delusus,
999 1203 1102 1258 totam
1129 1193 1269 1260 concitat
1295 1191 1420 1274 urbem,
1436 1192 1600 1260 dominam

394 1297 514 1384 fugisse
526 1298 669 1378 nunciat,
683 1308 718 1364 et
732 1319 806 1364 ecce
820 1299 928 1383 ipsum
952 1319 1027 1362 curn
1051 1319 1150 1362 manu
1171 1305 1367 1362 armatorum
1383 1295 1485 1360 multa
1499 1317 1600 1382 prope

393 1401 500 1466 locum
520 1401 735 1466 dormitionis.
781 1400 926 1465 Pessime
948 1400 1013 1479 ille,
1028 1421 1100 1484 qnae
1115 1423 1182 1464 non
1197 1409 1302 1464 cessat
1316 1398 1451 1464 serutari
1465 1398 1601 1485 qualiter

393 1503 558 1588 eripiatur,
573 1502 759 1568 venientem
778 1501 868 1566 videt
882 1510 917 1566 et
930 1501 1177 1587 quibuscunque
1199 1510 1310 1588 potest
1330 1500 1467 1564 advocat
1489 1499 1600 1584 signis.

395 1606 464 1670 lllis
486 1607 555 1691 jam
581 1627 683 1691 prope
697 1604 877 1690 egentibus,
902 1625 1005 1691 equus
1032 1605 1171 1670 Rasonis
1195 1626 1261 1668 non
1286 1617 1434 1670 assuetus
1460 1602 1495 1668 in
1521 1625 1598 1667 oon·

392 1729 506 1791 gressu
526 1709 700 1792 quiescere,
715 1706 822 1770 levato
847 1706 952 1793 eapite
976 1705 1095 1785 hinnit,
1111 1715 1145 1772 et
1169 1704 1308 1792 pedibus
1334 1725 1463 1768 arenam
1490 1714 1598 1772 terens

394 1809 562 1874 dominum
578 1830 673 1873 suum
689 1832 709 1873 a
722 1819 827 1874 morte
836 1809 1021 1895 prremunit.
1065 1809 1230 1874 Beneficio
1241 1810 1334 1894 cujus
1344 1808 1502 1874 excitatus
1513 1808 1600 1874 Raso

391 1911 504 1999 primis
516 1913 699 1979 incursibus
714 1913 835 1978 resistit
849 1913 985 1992 fortiter,
1000 1913 1168 1998 filiumque
1180 1935 1276 1978 suum
1291 1933 1388 1997 quem
1402 1912 1437 1974 in
1452 1911 1599 1996 proxime

393 2016 544 2102 sperabat
559 2016 674 2082 silvula
688 2017 905 2103 familiamque
930 2038 1010 2081 voce
1034 2017 1188 2102 proeoelsa
1211 2027 1335 2082 evocat.
1376 2014 1431 2079 Illi
1457 2036 1514 2100 spe
1540 2037 1599 2080 sus

392 2120 577 2186 nullatenus
593 2121 756 2206 segniores
771 2120 925 2187 velociter
944 2121 1108 2200 advolant,
1123 2130 1157 2185 et
1182 2119 1294 2186 obvias
1318 2119 1444 2186 fortiter
1468 2118 1597 2184 abnrm·

391 2234 476 2310 punt
490 2225 585 2290 acies.
631 2225 718 2288 Raso
734 2224 809 2310 equi
824 2224 875 2288 sui
897 2222 1058 2288 celeritate
1084 2244 1278 2309 quocunque
1300 2221 1372 2286 vult
1397 2222 1597 2302 transfertur,

390 2340 424 2391 et
438 2327 684 2414 quibuscunque
699 2326 790 2413 cupit
803 2325 954 2390 hostibus
969 2324 1138 2404 imminet3
1160 2323 1314 2388 familiam
1332 2345 1425 2388 suam
1438 2323 1597 2404 hortatur,

390 2439 424 2494 et
439 2452 473 2496 se
488 2439 595 2496 totum
608 2429 769 2515 impendit
789 2428 915 2494 ultioni.
960 2430 1006 2492 At
1034 2427 1120 2492 filius
1147 2449 1227 2492 suus
1251 2427 1337 2492 sicut
1357 2426 1473 2492 unicus
1502 2427 1596 2494 unice

389 2543 514 2620 patrem
537 2535 673 2620 diligens
695 2533 898 2599 uniformiter
919 2541 954 2597 et
975 2531 1066 2597 omni
1086 2539 1205 2594 conatu
1231 2528 1347 2614 satagit
1372 2529 1460 2594 illam
1485 2528 1596 2596 ulcisci

390 2657 462 2720 quae
477 2659 572 2702 cuasa
586 2639 745 2702 malorum
760 2637 878 2715 extitit,
888 2658 951 2721 qua
964 2635 1096 2699 tandem
1112 2633 1279 2712 decollata,
1292 2655 1366 2699 cum
1378 2633 1483 2718 eapite
1494 2632 1595 2718 ipsius

389 2739 607 2826 triumphator
620 2740 775 2804 abscedit
821 2739 919 2804 Redit
934 2741 1021 2802 Raso
1036 2759 1112 2802 cum
1128 2737 1195 2801 suis
1209 2736 1377 2801 letissima
1387 2735 1533 2821 trcphaea
1548 2757 1595 2802 re·

387 2844 506 2908 ferens.
551 2845 603 2908 De
619 2853 736 2908 caetero
751 2841 875 2907 caeteris
887 2841 942 2920 ait,
965 2845 987 2878 “
1003 2840 1125 2906 Cavete
1139 2848 1174 2904 et
1188 2862 1247 2925 ego
1263 2837 1357 2904 robis
1374 2839 1458 2918 dico,
1473 2837 1594 2903 Rusoni

388 2945 519 3024 credite,
528 2945 682 3030 quoniam
693 2967 765 3031 quse
775 2943 877 3008 mults
891 2953 1064 3008 evaserunt
1078 2965 1154 3007 aves
1168 2941 1249 3007 retia
1258 2941 1387 3006 modico
1398 2939 1533 3005 tandem
1544 2962 1594 3006 oa·

387 3047 522 3132 piuntur
530 3048 565 3112 in
573 3048 698 3133 laqueo,
709 3047 794 3112 sicut
801 3048 871 3112 hoec
882 3047 961 3111 svis.
999 3045 1237 3133 scriptumest:
1255 3046 1389 3110 Frustra
1400 3044 1520 3128 jacitur
1528 3053 1593 3112 rete

387 3159 463 3214 ante
478 3150 589 3215 oculos
601 3151 858 3235 pennatorum*
872 3149 1060 3234 hujusmodi
1074 3148 1225 3233 pennatis
1240 3169 1311 3213 raro
1327 3148 1446 3212 frustra
1456 3145 1592 3231 jacitur3

385 3252 551 3318 nonenim
563 3251 807 3318 habentoculos
821 3253 892 3316 haec
907 3251 985 3328 aris,
996 3250 1066 3314 brec
1076 3249 1185 3335 vulpe,
1195 3250 1265 3314 haec
1280 3249 1413 3316 foemina
1427 3257 1478 3312 tot
1490 3247 1592 3312 bonos

384 3356 510 3422 viderat
529 3355 605 3420 fidei
628 3377 695 3420 sure
716 3356 824 3434 facies,
850 3364 902 3420 tot
924 3353 1069 3419 audierat
1093 3362 1128 3418 et
1152 3374 1219 3417 non
1243 3351 1431 3417 exaudierat
1454 3350 1591 3415 divitum

384 3479 508 3544 preces,
523 3467 590 3522 eta
608 3455 688 3522 faeie
715 3455 882 3521 Sarraceni
901 3455 1021 3540 captivi
1035 3453 1156 3539 exlegis
1172 3464 1205 3519 et
1219 3454 1378 3518 attenuati
1393 3461 1487 3538 capta
1501 3453 1593 3518 exlex

382 3564 468 3626 facta
482 3569 533 3626 est
547 3570 582 3624 et
594 3557 668 3623 vilis
683 3568 718 3623 et
732 3558 887 3637 adultera,
904 3557 983 3642 legis
1006 3566 1040 3622 et
1060 3557 1121 3622 viri
1144 3556 1389 3643 quibuscunque
1414 3557 1593 3620 secundum

383 3663 520 3728 Veneris
531 3663 646 3748 loquor
656 3663 731 3747 jura
745 3683 781 3726 se
794 3659 918 3725 retibus
928 3659 1052 3738 debuit,
1064 3681 1099 3724 se
1114 3659 1254 3745 negavit,
1263 3669 1297 3725 et
1308 3659 1370 3726 sibi
1380 3658 1533 3742 laqueum
1543 3657 1593 3720 in·

382 3767 530 3831 debitum
541 3774 575 3830 et
591 3766 762 3851 inopinum
776 3762 908 3850 injecit3
930 3762 1000 3827 haec
1015 3784 1139 3849 pennos
1154 3761 1429 3849 habuitquoniam
1442 3759 1594 3852 avolavit,

381 3869 484 3933 oculis
500 3867 603 3933 caruit
617 3867 693 3954 quia
708 3888 742 3931 se
757 3887 824 3930 non
840 3865 935 3944 cavit,
950 3885 989 3928 eo
1004 3864 1093 3950 quod
1107 3862 1169 3928 sibi
1190 3864 1299 3930 visum
1314 3873 1366 3929 est
1380 3861 1505 3927 crimen
1521 3860 1592 3924 dul·

381 3970 451 4034 cius
474 3991 538 4054 quo
562 3969 743 4047 nocentius,
759 3989 822 4053 quo
846 3966 966 4032 Rascni
984 3965 1196 4046 damnosius3
1217 3977 1252 4031 at
1267 3989 1335 4034 uon
1351 3965 1501 4032 similiter
1517 3963 1595 4029 Rol-

380 4072 447 4136 loni
462 4082 500 4136 ut
514 4072 637 4136 Rusoni
653 4093 711 4134 sue
727 4063 839 4136 nocuit
852 4069 1048 4134 innocentia.

875 4207 890 4238 *
911 4207 980 4254 Prov.
993 4207 1009 4253 i.
1023 4205 1060 4254 17.
