3610 4852
377 524 440 579 228
813 538 1001 584 ausurum
1019 539 1140 584 usses
1268 503 1271 509 ¹
1402 534 1520 599 [nisena.
1535 536 1566 584 V.

377 705 443 768 suit
469 715 576 769 autem
598 705 628 770 ei
652 707 810 792 principia
829 709 919 792 regni
935 707 986 771 sui
1001 707 1152 771 meretrix
1175 705 1323 791 quaedam
1345 705 1485 790 publica,
1502 704 1583 768 nihil

376 807 591 871 immundities
606 807 795 891 dedignans,
810 809 913 872 filium
935 831 1031 895 quem
1057 832 1077 872 a
1099 809 1222 895 populo
1246 819 1432 894 susceperat
1450 807 1581 872 nomine

377 910 581 988 Gaufridum,
597 933 694 995 quem
709 913 830 996 injuste
846 914 1018 999 minusque
1035 914 1172 978 discrete
1187 923 1341 999 tanquam
1358 935 1453 976 auum
1469 933 1582 994 accep·

375 1025 460 1093 tans,
475 1014 510 1078 in
525 1023 653 1078 tantum
668 1017 832 1099 promovit
849 1027 885 1080 ut
898 1017 996 1082 hodie
1007 1018 1051 1082 sit
1061 1017 1276 1082 Eborecensis
1291 1017 1582 1101 archiepiscopus*

376 1118 507 1182 Nomen
523 1129 632 1183 autem
648 1121 759 1183 metn's
775 1121 845 1204 ejus
861 1121 999 1184 erenai.
1045 1120 1321 1206 Congregevithic
1336 1120 1398 1184 sibi
1412 1119 1583 1205 praedictas

377 1221 629 1285 consuetudines
644 1221 847 1306 importunas
863 1223 964 1308 patris
979 1221 1134 1307 impositi,
1150 1235 1183 1286 et
1198 1222 1237 1285 de
1254 1221 1348 1285 honis
1363 1233 1428 1284 tem
1453 1243 1583 1306 paucas,

377 1323 465 1406 quod
480 1324 645 1388 continuae
661 1339 738 1388 sunt
752 1325 929 1389 inimicitiae
945 1325 1174 1388 canonicorum
1201 1344 1335 1386 suorum
1360 1323 1534 1408 adipsum,
1549 1333 1584 1388 et

376 1447 578 1508 econverso,
595 1429 671 1513 quia
685 1430 838 1493 vitiorum
853 1429 969 1514 plenus
985 1437 1036 1492 est
1050 1438 1084 1492 et
1098 1449 1225 1491 morum
1241 1447 1366 1512 expers.

421 1531 549 1596 Placeat
563 1543 672 1596 autem
689 1532 729 1597 de
745 1543 846 1596 matre
869 1532 1014 1617 praedicti
1042 1531 1124 1614 regis
1150 1531 1253 1594 nostri
1279 1530 1400 1609 audire,
1415 1531 1503 1616 quod
1517 1531 1583 1594 filia

376 1625 481 1698 fuerat
504 1636 619 1720 optimi
638 1636 794 1721 principis
819 1645 854 1700 et
879 1646 1001 1699 senctae
1017 1634 1164 1698 Matildis
1180 1635 1308 1720 reginae,
1323 1645 1490 1720 materque
1504 1635 1583 1699 boni

379 1737 472 1821 regis,
488 1739 558 1822 ipsa
584 1737 745 1804 bonorum
769 1739 802 1802 in
825 1738 933 1802 medio
955 1739 1107 1822 pessima.
1142 1737 1288 1802 'l'redidit
1303 1759 1374 1801 eam
1390 1750 1481 1823 pater
1503 1760 1582 1801 suus

381 1839 543 1903 Henricus
567 1841 790 1904 Romanorum
811 1840 998 1924 imperatori
1027 1839 1155 1924 nuptui,
1179 1837 1234 1924 qui
1264 1839 1423 1902 minorem
1452 1838 1582 1904 fratrem

285 1999 286 2002 ,
378 1964 475 2006 suum
501 1965 608 2028 regem
634 1943 751 2007 Ytaliae
768 1951 898 2028 captum
915 1943 948 2005 in
965 1943 1051 2008 bello
1077 1941 1314 2026 decapitaverat
1329 1965 1427 2006 manu
1442 1943 1583 2027 propria,

379 2055 568 2132 patremque
584 2069 680 2111 suum
696 2039 872 2131 cupiditate
887 2046 1041 2130 regnandi
1057 2046 1218 2130 dejecerat
1232 2045 1272 2109 ab
1288 2046 1423 2130 imperio
1439 2055 1476 2108 ut
1490 2055 1583 2130 post-

379 2149 513 2212 modum
541 2171 683 2234 paupere
705 2149 891 2213 communia
913 2147 1141 2212 canonicorum
1164 2148 1366 2233 quorundam
1390 2147 1583 2212 secularium

377 2251 505 2335 imperii
521 2252 570 2315 sui
588 2256 856 2323 sustentaretur.†
903 2251 966 2314 His
993 2250 1140 2335 praedicti
1166 2251 1278 2335 sponsi
1304 2251 1444 2337 peccatis
1466 2250 1584 2336 adjecit

379 2353 538 2430 Matildis,
554 2351 641 2438 quod
663 2351 704 2416 ab
727 2352 880 2416 omnibus
903 2351 1039 2415 ducibus
1063 2361 1096 2416 et
1119 2351 1320 2437 principibus
1342 2352 1470 2438 imperii
1485 2352 1537 2417 sui
1552 2361 1586 2417 et

377 2454 537 2539 episcopie
553 2464 586 2518 et
600 2452 849 2538 archiepiscopis
864 2453 971 2538 exegit
985 2452 1132 2517 civitates
1148 2465 1181 2518 et
1196 2455 1326 2518 castella
1341 2455 1470 2540 propria
1484 2477 1584 2520 manu

378 2558 529 2638 tenenda,
554 2569 587 2622 et
613 2579 813 2644 quaecunque
843 2567 1006 2642 praecepto
1032 2579 1098 2620 non
1125 2559 1235 2643 potuit
1260 2559 1344 2623 bello
1371 2569 1507 2624 conatus
1534 2569 1585 2624 est

379 2671 532 2726 evertere.
592 2663 727 2726 Restitit
752 2671 860 2726 autern
887 2661 917 2725 ei
941 2661 1007 2724 dux
1031 2661 1147 2724 unicus
1175 2662 1338 2727 Baiwariae
1364 2671 1398 2726 et
1423 2663 1584 2741 Sesonioe,

379 2774 554 2851 contraque
569 2787 684 2829 manus
700 2765 846 2830 omnium
876 2765 960 2829 acies
976 2764 1147 2842 ordinavit,
1162 2767 1310 2851 factoque
1326 2787 1501 2851 congressu
1525 2789 1584 2831 nec

379 2868 519 2951 fugitum
542 2879 592 2932 est
618 2891 678 2932 nec
699 2869 856 2953 fugatum,
873 2867 1064 2953 duravitque
1079 2877 1193 2931 mutua
1208 2870 1312 2934 caedes
1326 2870 1517 2956 longissimo
1533 2871 1586 2936 die

380 2971 463 3034 circa
478 2971 576 3035 finem
591 2971 614 3035 J
616 2972 683 3034 unii
699 2993 717 3034 a
732 2993 826 3034 mane
841 2993 944 3056 usque
968 2971 1008 3034 ad
1033 2971 1173 3035 mediam
1196 2983 1338 3052 noctem,
1353 2974 1464 3038 multis
1488 2975 1583 3038 milli-

380 3074 443 3138 bus
459 3074 499 3138 de
523 3073 630 3138 medio
657 3073 781 3138 deletis.
827 3075 1045 3138 Recesserunt
1059 3073 1100 3137 ab
1115 3074 1254 3138 invicem
1278 3077 1371 3160 pauci
1396 3077 1437 3141 de
1459 3077 1582 3142 timidis

378 3177 513 3262 ignavis.
559 3177 722 3243 Quoniam
737 3177 835 3262 igitur
849 3200 869 3240 a
883 3177 1020 3241 residuis
1044 3177 1249 3263 desperatum
1276 3189 1326 3242 est
1350 3181 1390 3244 de
1418 3181 1585 3266 sepultura

378 3281 580 3357 cadaverum,
596 3280 682 3365 lupis
698 3290 732 3344 et
746 3278 880 3343 canibus
904 3289 938 3344 et
963 3279 1078 3342 avibus
1102 3277 1253 3343 derelicta
1268 3292 1345 3344 sunt
1359 3292 1392 3345 et
1408 3283 1583 3368 putredini,

377 3402 515 3466 quorum
530 3382 625 3447 foetor
640 3382 723 3446 eirca
739 3403 773 3445 se
799 3381 1008 3445 solitudinem
1032 3380 1118 3445 fecit.
1165 3379 1367 3466 compunxit
1389 3394 1497 3448 autem
1515 3386 1583 3449 Do·

410 3559 426 3592 '⁸'
444 3561 558 3624 Geoffrey
570 3578 617 3610 eras
629 3563 699 3610 made
715 3561 804 3623 bishop
816 3561 844 3609 of
860 3560 963 3608 Lincoln
996 3559 1078 3607 tained
1089 3559 1131 3606 the
1142 3565 1237 3622 sceptre
1243 3559 1275 3622 by
1283 3560 1431 3624 dethroning
1442 3563 1481 3611 his
1493 3563 1583 3624 father,

376 3645 403 3692 in
426 3644 497 3696 1167.
533 3643 573 3692 He
595 3643 769 3706 subsequently
791 3641 904 3703 resigned
925 3643 963 3689 his
997 3639 1265 3704 Henryllhinllod.
1302 3641 1326 3690 lt
1338 3659 1386 3691 was
1398 3643 1436 3691 his
1445 3645 1513 3694 elder
1524 3647 1582 3695 bro.

377 3726 509 3788 bishopric‚
522 3726 569 3774 end
582 3741 629 3774 was
641 3724 774 3788 appointed
790 3723 928 3771 ehaucellor
939 3723 966 3770 oi
996 3721 1060 3780 ther,
1074 3721 1180 3778 conrad,
1195 3723 1257 3779 who,
1277 3723 1368 3785 having
1386 3725 1496 3773 revolted
1518 3725 1582 3775 from

377 3807 498 3870 England,
512 3807 671 3856 whichoffice
691 3806 722 3854 he
741 3805 850 3854 retained
868 3805 906 3854 till
925 3805 964 3853 his
996 3803 1035 3851 his
1057 3803 1144 3860 father,
1165 3804 1208 3852 the
1227 3819 1339 3866 emperor
1359 3805 1446 3868 Henry
1458 3805 1516 3864 lv..
1533 3823 1582 3857 uu

375 3889 477 3938 sethei-’s
499 3889 580 3938 death.
616 3889 655 3938 He
677 3905 725 3938 rrae
748 3889 842 3938 elected
869 3894 895 3936 to
921 3887 964 3935 the
996 3883 1087 3932 chosen
1097 3883 1157 3944 king
1168 3883 1197 3930 ol
1211 3882 1253 3930 the
1263 3883 1382 3941 Romans,
1396 3885 1422 3931 in
1433 3883 1506 3948 Italy.
1542 3887 1582 3937 He

376 3971 557 4034 erchbiahopric
578 3971 607 4020 of
620 3972 690 4021 York
710 3973 736 4020 in
755 3973 829 4030 1191,
845 3970 909 4018 aster
920 3969 961 4017 the
994 3966 1048 4014 died
1067 3972 1093 4013 at
1114 3965 1229 4014 Florence
1248 3965 1274 4013 in
1287 3966 1359 4024 1101,
1378 3981 1446 4015 some
1466 3983 1509 4031 say
1528 3969 1580 4032 poi·

376 4055 499 4102 accession
516 4053 545 4102 oi
560 4053 666 4101 Richard
679 4053 701 4102 1.
994 4047 1079 4105 soned,
1091 4047 1136 4096 but
1148 4054 1192 4096 not
1203 4047 1264 4096 siaiu
1275 4047 1308 4110 by
1319 4047 1358 4095 his
1369 4047 1472 4096 brother
1485 4049 1579 4114 Hem-y,

408 4139 426 4186 †
442 4135 495 4182 The
513 4151 626 4196 emperor
638 4134 723 4196 lienry
734 4133 766 4181 V.
779 4133 834 4181 who
852 4131 899 4179 had
914 4130 959 4179 ob·
994 4129 1047 4176 who
1059 4143 1162 4192 appears
1174 4128 1270 4177 tohere
1283 4127 1330 4176 had
1342 4143 1375 4177 no
1386 4128 1460 4178 other
1469 4128 1577 4180 brother.
