3650 4852
391 464 432 524 16
820 477 1010 523 canaram
1034 477 1155 521 nuans
1409 477 1533 542 [nnana
1546 477 1570 528 1.

386 651 500 717 preces
516 637 550 695 et
563 637 650 695 vota.
696 628 792 695 Salva
807 638 885 693 sunt
907 628 1018 694 Herlae
1033 650 1106 714 quae
1131 636 1370 715 preparaverat
1379 653 1389 709 ;
1413 631 1464 694 sui
1479 629 1595 694 sedent

386 733 421 798 in
451 732 519 798 otio
546 733 698 809 ministri,
734 731 789 816 qui
821 751 882 794 nec
907 738 1065 814 petuntur
1089 751 1149 794 nec
1174 727 1334 793 tribuunt.
1380 729 1593 795 circumeunt

386 835 538 922 pygmaei,
552 834 688 920 gratiam
703 833 743 896 ab
759 831 911 896 omnibus
927 831 1104 910 consecuti,
1118 830 1321 916 pretiositate
1335 832 1488 912 vestium,
1502 855 1593 919 gem·

387 960 512 1003 marum
528 935 619 1020 quasi
633 934 803 1000 luminaria
816 955 876 1019 pro
891 933 1015 998 caeteris
1031 933 1169 1012 accensi,
1178 933 1302 998 nemini
1311 933 1412 999 verbo
1427 935 1480 1000 vel
1494 957 1593 1020 opere

386 1039 439 1104 vel
453 1038 625 1124 praesentia
641 1038 694 1103 vel
716 1036 863 1102 absentia
877 1035 1015 1100 taediosi.
1060 1037 1132 1100 Rex
1154 1035 1253 1121 igitur
1282 1057 1394 1101 eorum
1417 1037 1452 1102 in
1475 1037 1592 1103 mediis

386 1141 610 1206 ministrorum
625 1163 757 1206 suorum
772 1138 1039 1226 occupationibus
1062 1139 1198 1204 Herlam
1212 1161 1320 1225 regem
1336 1140 1511 1226 alloquitur
1525 1141 1590 1207 sica

386 1245 490 1310 “Rex
504 1245 638 1330 optime,
664 1243 809 1309 Domino
835 1252 930 1322 teste,
955 1241 1049 1308 vobis
1065 1263 1174 1306 assum
1186 1241 1280 1325 juxta
1293 1250 1426 1327 pactum
1441 1253 1591 1310 nostmm

385 1347 420 1411 in
435 1347 558 1432 nuptiis
574 1347 709 1426 vestris3
733 1346 761 1410 si
786 1346 864 1431 quid
888 1355 998 1410 antem
1020 1343 1224 1409 diffinitionis
1249 1353 1366 1409 vestras
1392 1353 1502 1430 potest
1523 1367 1591 1411 am·

385 1450 472 1534 plius
487 1473 506 1513 a
520 1471 573 1514 me
588 1450 655 1536 peti
671 1472 767 1535 quam
790 1449 879 1534 quod
902 1447 1044 1528 cernitis,
1070 1457 1217 1512 accurate
1240 1447 1399 1532 supplebo
1421 1448 1538 1530 libens,
1562 1449 1591 1515 si

387 1552 490 1619 vicem
515 1553 649 1617 honoris
674 1552 804 1638 inpensi
830 1573 905 1616 cum
929 1551 1073 1637 repetavi
1099 1572 1166 1617 non
1193 1550 1355 1616 differas.''
1402 1551 1466 1616 His
1483 1552 1590 1632 dictis,

385 1675 543 1740 responso
557 1675 625 1720 non
640 1663 822 1739 expectato,
837 1675 872 1717 se
895 1653 1023 1718 subitus
1044 1653 1121 1719 inde
1146 1653 1303 1739 papiliani
1329 1675 1389 1718 suo
1413 1653 1530 1733 reddit,
1556 1663 1590 1720 et

386 1757 470 1822 circa
484 1757 681 1842 gallicinium
696 1779 770 1822 cum
798 1757 865 1820 suis
880 1755 1047 1822 abscessit.
1094 1757 1175 1821 Post
1200 1778 1322 1821 annum
1348 1765 1457 1820 autem
1481 1778 1590 1823 coram

388 1859 490 1923 Herla
499 1859 625 1924 subitus
634 1859 759 1943 expetit
770 1868 807 1924 ut
818 1857 879 1922 sibi
887 1859 995 1944 pactio
1005 1868 1160 1924 servetur.
1204 1859 1332 1924 Annuit
1340 1859 1405 1939 ille,
1424 1859 1591 1945 provisus-

386 1983 449 2047 que
465 1961 543 2026 satis
558 1962 599 2026 ad
614 1981 784 2046 repensam
798 1958 939 2040 talionis,
955 1983 1018 2047 quo
1034 1961 1140 2027 dictus
1156 1971 1207 2026 est
1222 1961 1376 2047 sequitur.
1408 1961 1589 2027 Cavernam

385 2064 483 2149 igitur
498 2063 664 2128 altissime
678 2063 768 2148 rupis
782 2063 1019 2148 ingrediuntur,
1034 2073 1068 2128 et
1082 2073 1159 2149 post
1173 2063 1353 2148 aliquantas
1378 2063 1528 2129 tenebras
1553 2064 1589 2130 in

385 2167 518 2247 lumine,
533 2166 621 2252 quod
635 2188 703 2231 non
717 2164 888 2231 videbatur
902 2166 980 2231 solis
995 2176 1053 2231 aut
1066 2166 1153 2232 lunae
1175 2166 1233 2231 sed
1257 2165 1479 2251 lampadarum
1504 2167 1590 2232 mul-

385 2279 503 2349 tarum,
517 2269 560 2333 ad
575 2268 690 2334 domos
705 2268 845 2355 pygmaei
859 2277 1040 2349 transeunt,
1054 2269 1257 2334 mansionem
1271 2269 1402 2353 quidem
1416 2270 1588 2335 honestam

385 2392 443 2456 per
454 2371 563 2437 omnia
578 2371 705 2458 qualem
720 2371 812 2436 Naso
827 2372 947 2458 regiam
963 2371 1116 2437 describit
1136 2371 1244 2436 solia*
1289 2370 1468 2437 Celebratis
1491 2371 1589 2458 igitur

384 2474 431 2538 ibi
444 2475 579 2561 nuptiis,
595 2485 629 2540 et
643 2475 763 2540 talione
778 2497 926 2562 pygmaeo
942 2476 1093 2542 decenter
1107 2476 1268 2560 impenso,
1283 2473 1413 2540 licentia
1439 2476 1514 2541 data
1538 2495 1589 2541 re·

384 2578 471 2641 cedit
486 2576 588 2642 Herla
601 2575 790 2642 muneribus
806 2587 945 2642 onustus
960 2587 994 2642 et
1007 2577 1134 2643 xenniis
1160 2597 1330 2663 equorum,
1353 2599 1480 2656 canum,
1506 2577 1589 2643 acci-

385 2680 518 2764 pitrum,
533 2689 567 2744 et
581 2681 728 2744 omnium
743 2701 816 2764 quaa
830 2681 962 2746 venatui
976 2682 1029 2747 vel
1043 2681 1181 2766 aucupio
1192 2679 1417 2767 praetentione
1425 2680 1587 2746 videntur.

386 2780 550 2845 conducit
564 2801 620 2845 eos
646 2781 686 2844 ad
716 2781 866 2847 tenebras
892 2805 996 2867 usque
1020 2804 1201 2870 pygmaeus,
1227 2793 1261 2848 et
1285 2804 1399 2848 canem
1421 2783 1587 2849 modicum

385 2880 627 2966 sanguinarium
648 2883 834 2966 portatilem
869 2895 1054 2970 presentat,
1081 2885 1234 2950 omnibus
1260 2884 1366 2951 modis
1392 2885 1588 2952 interdicens

384 3003 426 3048 ne
441 2983 513 3068 quis
528 2983 569 3049 de
584 2992 656 3048 toto
671 2985 826 3051 comitatu
841 3009 901 3052 suo
916 2987 1092 3052 descendat
1108 3009 1245 3072 usquam
1268 2987 1372 3053 donec
1385 2987 1439 3053 ille
1454 2989 1542 3053 canis
1568 3009 1588 3054 a

384 3093 548 3171 portatore
582 3107 642 3151 suo
676 3087 833 3172 prosiliat,
863 3089 1012 3175 dictaque
1038 3091 1141 3155 salute
1172 3090 1335 3176 repatriat.
1381 3091 1482 3156 Herla
1510 3101 1588 3178 post

383 3187 549 3253 modicum
562 3188 597 3252 in
611 3189 723 3255 limine
749 3189 826 3254 solis
850 3199 887 3255 et
910 3213 1010 3278 regno
1035 3201 1185 3279 receptus
1208 3201 1398 3257 veteranum
1421 3201 1586 3278 pastorem

383 3289 566 3375 alloquitur,
580 3298 696 3375 petens
711 3291 752 3356 de
766 3291 876 3378 regina
891 3315 950 3358 sua
964 3315 1110 3359 rumores
1125 3317 1164 3358 ex
1188 3295 1330 3374 nomine,
1356 3316 1453 3380 quem
1474 3305 1587 3382 pastor

383 3415 457 3458 cnm
473 3391 682 3458 admiratione
697 3393 872 3479 respiciens
894 3395 960 3460 ait:
1005 3401 1026 3434 “
1034 3396 1188 3475 Domine,
1202 3396 1346 3480 linguam
1361 3405 1452 3460 tuam
1466 3395 1521 3461 vix
1535 3398 1586 3463 in-

383 3497 502 3582 telligo,
525 3517 600 3561 cum
616 3497 678 3561 aim
701 3497 798 3578 Saxo,
812 3507 851 3562 tn
866 3499 978 3578 Brito;
1001 3520 1121 3564 noman
1136 3509 1245 3564 autem
1270 3497 1357 3563 illius
1383 3521 1451 3564 non
1476 3501 1587 3567 audivi

381 3599 510 3686 ragina,
525 3598 588 3664 nisi
604 3599 691 3685 quod
707 3599 799 3664 aiunt
813 3601 875 3666 hoc
890 3600 1024 3666 nomine
1039 3601 1164 3666 dudum
1187 3599 1308 3665 dictam
1332 3600 1476 3686 reginam
1501 3602 1586 3668 anti-

382 3701 611 3786 quissimorum
628 3701 801 3768 Britonum
816 3725 888 3788 quae
907 3703 971 3766 fuit
996 3723 1078 3768 uxor
1105 3703 1214 3768 Herlae
1238 3701 1334 3788 regis,
1360 3702 1416 3789 qui
1439 3703 1585 3772 fabulose

383 3803 500 3867 dicitur
514 3827 588 3870 cum
602 3828 751 3892 pygmaeo
766 3806 908 3892 quodam
922 3805 964 3870 ad
978 3806 1062 3871 hanc
1076 3827 1190 3892 rupem
1203 3804 1409 3890 disparuisse,
1423 3829 1586 3893 nusquam

383 3913 490 3970 autem
500 3916 616 3992 postea
625 3929 722 3994 super
735 3916 854 3972 terram
869 3907 1068 3992 apparuisse.
1112 3908 1257 3974 Saxones
1267 3929 1345 3975 vero
1355 3909 1425 3994 jam
1436 3909 1586 3976 ducentis

723 4063 738 4094 ⁸
756 4067 801 4116 Sea
814 4067 888 4116 Orid.
901 4066 1070 4132 Metamorpb.
1082 4067 1126 4119 lib.
1138 4069 1164 4119 ii.
1177 4086 1200 4118 v.
1215 4075 1239 4120 1.
