3608 4862
419 524 459 600 72
845 541 1035 587 ausuram
1059 540 1181 586 ussus
1415 533 1538 598 [numo.
1550 533 1588 584 11.

419 695 552 759 Petrum
591 692 683 758 alunt
712 715 828 778 aquam
862 693 896 758 in
921 693 1035 759 vinum
1066 689 1275 769 convertisse,
1315 687 1438 753 multos
1468 684 1618 750 homines

416 797 529 883 paucis
544 797 684 882 panibus
699 797 890 862 miraculose
908 797 1049 883 pavisse,
1064 804 1102 860 ut
1122 793 1230 859 sciatis
1249 791 1385 878 gratiam
1399 788 1537 854 Domini
1550 809 1619 854 non

419 901 531 966 deesse
556 899 744 984 petentibus
767 909 801 964 et
825 898 1025 965 merentibus
1048 921 1120 963 eam
1139 897 1260 961 nostris
1283 894 1381 960 etiam
1404 891 1618 977 temporibus.

419 1003 458 1066 In
475 1002 622 1089 partibus
636 1003 734 1067 etiam
758 1003 956 1086 Burgundiae
971 1001 1097 1066 celebre
1120 999 1244 1074 dicunt,
1266 996 1353 1082 quod
1376 995 1470 1060 miles
1485 995 1617 1081 quidam

418 1129 485 1170 non
512 1106 590 1171 satis
612 1106 793 1171 Dominum
816 1116 977 1184 metuens,
1003 1126 1078 1169 eum
1099 1103 1133 1166 in
1156 1123 1220 1165 usu
1242 1099 1368 1185 peceati
1388 1098 1438 1163 sui
1459 1097 1618 1184 pertinaci

417 1229 508 1273 more
532 1207 730 1293 persisteret,
757 1207 859 1272 sensit
882 1206 1040 1272 ultionem
1070 1205 1172 1269 immo
1199 1202 1454 1288 correptionem
1480 1199 1618 1266 adhesit

417 1310 555 1396 scapulae
570 1331 638 1373 suae
652 1308 822 1393 infixitque
836 1309 955 1374 lacerta
969 1309 1084 1372 dentes
1099 1317 1133 1372 et
1147 1306 1277 1392 digitos,
1291 1314 1326 1370 et
1339 1303 1615 1370 cumnullatenus

414 1411 557 1478 amoveri
571 1421 684 1496 posset
700 1411 897 1496 Hypocratis
913 1417 982 1474 arte
996 1409 1048 1474 vel
1070 1409 1254 1473 orationum
1273 1406 1407 1485 auxilio,
1427 1404 1616 1472 mirabiliter

415 1537 450 1580 se
465 1514 691 1600 magnificabat
716 1514 943 1579 misericordia
966 1522 1080 1591 mater,
1104 1511 1254 1597 quotiens
1276 1508 1468 1574 miserabilis
1482 1509 1537 1574 ille
1557 1508 1615 1573 ali-

415 1638 513 1702 quam
528 1617 562 1680 in
582 1618 653 1700 ejus
668 1617 800 1681 nomine
826 1616 1007 1681 dedicatam
1025 1613 1167 1679 intrabat
1192 1613 1360 1679 ecclesiam
1391 1610 1614 1678 dimittebatur

414 1728 448 1782 et
470 1739 538 1782 non
562 1717 769 1802 comparebat
793 1717 922 1795 lacerta,
947 1717 1005 1782 sed
1031 1736 1159 1802 semper
1181 1715 1216 1779 in
1245 1715 1335 1780 exitu
1356 1714 1541 1780 adherebat
1572 1715 1614 1795 ei,

414 1822 503 1906 quod
528 1829 567 1884 ut
592 1821 688 1885 Petro
714 1819 989 1906 perpraedictum
1014 1819 1168 1899 innotuit,
1191 1819 1300 1883 audita
1317 1819 1387 1904 ejus
1410 1819 1613 1884 confessione

413 1924 638 2008 poenitentism
664 1923 807 2010 injunxit
831 1923 872 2004 ei,
896 1924 967 2010 ipse
995 1931 1106 1990 autem
1128 1932 1259 2009 peracta
1281 1923 1473 2008 poenitentia
1497 1923 1612 1990 libers-

413 2035 468 2090 tus
483 2034 544 2092 est.

791 2234 842 2296 De
856 2232 990 2314 quodam
1005 2233 1147 2295 eremita.
1189 2230 1233 2296 vi.

454 2349 610 2417 Visihiles
633 2349 710 2416 lacit
732 2349 968 2415 misericordias
994 2348 1159 2412 Dominus
1182 2349 1267 2415 lacta
1287 2351 1341 2415 vel
1368 2349 1520 2416 inchoata
1542 2374 1610 2438 poa·

410 2455 558 2536 nitentia,
573 2456 694 2520 docens
716 2475 772 2519 cor
795 2475 871 2520 vere
903 2452 1065 2538 poenitens
1101 2451 1305 2518 invisibiliter
1342 2463 1376 2518 et
1404 2454 1445 2519 ab
1475 2456 1609 2521 occultis

408 2557 547 2624 liberari.
592 2557 758 2624 Liberavit
779 2557 944 2622 Dominus
961 2555 1144 2620 eremitam:
1161 2555 1240 2620 hora
1261 2577 1362 2621 coenoe
1376 2557 1467 2622 venit
1478 2559 1520 2623 ad
1535 2559 1608 2624 soli-

410 2661 528 2725 tarium
550 2661 585 2725 in
609 2682 718 2725 eremo
743 2682 877 2746 serpena
902 2659 1062 2738 modicus,
1086 2667 1120 2722 et
1144 2657 1310 2743 ingressus
1337 2661 1486 2726 cellulam
1518 2661 1608 2749 quasi

407 2764 541 2849 jejunus
561 2762 750 2846 suppliciter
766 2784 801 2826 se
816 2762 894 2826 satis
910 2762 996 2847 apud
1012 2761 1163 2826 edentem
1177 2761 1317 2827 habebat
1334 2764 1519 2850 supplicatu
1539 2787 1608 2845 suo,

410 2865 502 2951 quasi
516 2865 686 2950 postulans
702 2863 899 2929 alimoniam.
944 2864 1004 2928 Ille
1019 2864 1126 2929 zelum
1148 2865 1285 2930 Domini
1303 2865 1439 2946 habens,
1461 2869 1524 2934 etsi
1541 2891 1608 2934 non

411 2969 591 3032 secundum
606 2966 784 3046 scientiam,
799 2953 1000 3046 audierat,⁰“
1011 2966 1112 3031 Omni
1127 2967 1252 3052 petenti
1273 2976 1306 3033 te
1324 2968 1442 3049 tribue,
1457 2980 1491 3035 et
1504 2969 1609 3036 catelli

411 3070 452 3134 de
468 3069 559 3134 micis
575 3067 710 3134 edunt.''
754 3067 860 3132 Mioas
876 3068 1000 3148 tribuit,
1015 3077 1049 3134 et
1064 3069 1179 3134 diebus
1194 3069 1345 3136 omnibus
1360 3073 1545 3138 venientem
1563 3074 1609 3139 ita

410 3171 554 3257 suscepit
567 3169 743 3255 hospitem,
766 3170 868 3236 donec
887 3180 999 3235 tantus
1018 3171 1112 3237 fieret
1133 3182 1172 3237 ut
1193 3173 1300 3258 egredi
1321 3197 1389 3240 non
1410 3185 1524 3261 posset
1545 3197 1609 3263 qna

409 3283 551 3340 venerat
612 3272 828 3337 Postmodum
857 3283 966 3338 autem
995 3283 1102 3339 tractu
1130 3277 1286 3361 temporis
1315 3278 1521 3344 domuncula
1550 3299 1609 3364 per

409 3375 592 3462 angustiam
615 3376 724 3441 locum
749 3376 852 3462 igneis
877 3377 973 3462 spiris
995 3377 1134 3442 involvit
1158 3378 1367 3460 adventitius,
1392 3391 1431 3446 ut
1454 3381 1510 3446 illa
1540 3381 1609 3447 sols

408 3491 500 3566 patet
523 3481 647 3565 hospiti
671 3501 731 3546 suo
758 3481 863 3545 sedes.
918 3480 1024 3546 Flevit
1047 3481 1147 3566 igitur
1171 3492 1205 3547 et
1230 3483 1272 3546 ad
1296 3482 1479 3548 Dominum
1503 3493 1607 3549 totam

407 3585 527 3651 levavit
548 3584 690 3649 animam
716 3584 855 3650 tortuosi
877 3583 1032 3649 nutritius
1066 3583 1182 3650 Zabuli
1211 3585 1387 3671 poenitens,
1409 3595 1443 3651 et
1472 3586 1607 3652 edoctus

406 3688 570 3773 quomodo
585 3687 700 3752 caritas
714 3685 863 3772 impensa
877 3687 965 3750 fatue
976 3686 1204 3772 respondebat.
1250 3687 1409 3752 Misertus
1424 3687 1522 3773 igitur
1536 3689 1606 3773 ejus

406 3790 463 3874 qui
477 3813 537 3854 sua
550 3789 653 3874 gratia
667 3810 732 3853 non
748 3799 860 3874 potest
873 3811 941 3854 non
963 3789 1108 3854 misereri
1129 3790 1305 3871 Dominus,
1327 3790 1358 3856 ei
1380 3791 1494 3856 salutis
1508 3791 1609 3857 desti·

406 3891 498 3956 navit
511 3890 678 3969 nuncium,
693 3891 800 3955 virum
816 3891 938 3958 scilicet
953 3892 994 3956 ad
1017 3891 1237 3958 visitationem
1261 3894 1332 3978 ejus
1354 3893 1537 3977 advectum,
1552 3895 1608 3981 qui

407 3992 518 4058 audito
532 3993 668 4079 usuque
682 3992 833 4074 ludibrio,
847 3993 1021 4079 poenitenti
1035 3993 1183 4080 praecipit
1198 3997 1350 4081 quatinus
1364 3997 1451 4062 illius
1465 4019 1609 4083 presen-

406 4095 485 4160 tiam
509 4094 671 4181 patienter
693 4094 812 4161 habeat
835 4095 870 4160 in
894 4096 981 4162 diem
1003 4097 1297 4184 quadragesimum.
1342 4099 1397 4166 Fit
1415 4100 1471 4181 ita,
1492 4100 1609 4188 dieque
