3610 4852
221 561 341 627 capvt]
612 560 659 604 aa
684 561 794 606 uuors
819 561 1044 604 curaremus.
1350 545 1413 610 233,

207 729 351 794 dedisset
374 751 446 794 eam
472 727 535 813 ipsi
561 727 699 814 filiisque
728 729 795 795 suis
820 740 853 796 et
879 731 953 796 duci
970 728 1130 809 Saxoniae,
1145 729 1255 814 pelves
1278 729 1411 814 proprio

205 833 315 898 clienti
331 833 422 897 dedit
435 842 469 898 et
484 832 594 896 sedere
609 833 761 917 perrexit.
808 833 882 898 Hoc
897 843 1006 897 autem
1030 831 1142 896 multis
1162 831 1408 909 admirantibus,

206 945 241 1001 et
263 937 457 1002 cubiculario
481 936 564 1022 regis
587 936 746 1000 instanter
761 937 871 1022 pelves
894 946 1036 1022 petente,
1063 936 1170 1020 abegit
1189 957 1264 999 eum
1285 957 1351 1014 rex,
1375 945 1409 1000 et

206 1039 277 1104 sine
303 1039 514 1104 similitudine
541 1039 649 1104 delicti
680 1040 765 1104 tulit.
821 1039 997 1102 Affuerunt
1025 1061 1067 1103 ex
1094 1039 1213 1104 invidis
1238 1038 1407 1102 Willielmi

206 1151 302 1205 noete
318 1140 466 1227 sequenti
481 1140 620 1204 maxime
636 1141 718 1204 circa
729 1162 849 1224 regem,
864 1140 1070 1225 pluriumque
1088 1140 1145 1225 qui
1160 1140 1306 1225 rapinam
1321 1139 1407 1203 illius

206 1241 421 1306 celeberrimae
431 1241 495 1306 diei
511 1262 695 1326 mensaeque
710 1242 805 1326 regiae
819 1243 945 1306 cunctis
960 1244 1149 1326 praeferrent
1164 1241 1363 1321 excessibus,
1374 1251 1407 1305 et

205 1345 348 1410 dicerent
363 1345 470 1430 ipsum
486 1366 594 1429 regem
609 1343 779 1429 pacificum
803 1355 837 1410 et
850 1368 917 1409 non
933 1346 1089 1410 scelerum
1104 1347 1255 1424 ultorem,
1270 1356 1304 1410 et
1319 1368 1406 1430 quar·

205 1469 332 1532 cunque
346 1457 482 1532 possent
497 1469 572 1512 eum
588 1449 729 1512 efferare.
774 1447 904 1512 Deinde
920 1447 1117 1512 circuierunt
1130 1448 1272 1533 hospitia
1287 1446 1404 1532 princi·

205 1571 283 1634 pum
298 1550 333 1613 id
347 1558 489 1633 agentes,
504 1549 592 1634 quod
607 1548 693 1633 apud
708 1570 816 1634 regem
832 1571 892 1614 nec
907 1548 1063 1614 absistere
1073 1550 1255 1630 voluerunt,
1271 1560 1404 1615 autnon

205 1661 391 1737 potuerunt,
404 1651 556 1736 quoniam
566 1649 687 1715 invidia
702 1675 768 1716 non
784 1662 909 1737 pausat,
925 1662 959 1716 et
972 1652 996 1717 J
998 1653 1077 1716 udas
1098 1675 1165 1718 non
1187 1654 1317 1720 dormit.
1363 1653 1404 1716 In

205 1755 344 1819 crastino
368 1755 542 1820 consedere
574 1755 684 1834 duces,
707 1765 740 1820 et
775 1756 971 1820 senescallus
1003 1757 1214 1820 Normanniae
1241 1755 1403 1841 querelam

204 1859 287 1943 regis
317 1857 469 1922 omnibus
493 1859 645 1944 exposuit
677 1861 831 1923 adversus
856 1859 1082 1938 Willielmum,
1109 1883 1247 1924 onerans
1273 1882 1345 1924 earn
1371 1866 1405 1922 et

205 1983 379 2046 aggravans
406 1972 564 2046 quantum
591 1963 694 2026 scivit.
754 1962 896 2046 Surgeus
911 1984 986 2047 ergo
1002 1962 1209 2042 Willielmua,
1235 1973 1269 2027 et
1293 1961 1405 2046 rapina

202 2065 525 2149 negata,·subintulit‚
549 2069 571 2102 “
587 2065 714 2129 Scimus
731 2086 844 2128 omnes
860 2075 893 2128 et
907 2087 1004 2128 nemo
1026 2064 1152 2128 dubitat
1174 2067 1251 2150 quin
1271 2065 1403 2130 domino

203 2179 317 2232 nostro
333 2169 491 2253 curiaeque
506 2167 659 2252 praesenti
674 2167 798 2252 placeat
809 2166 947 2251 justitia,
963 2166 1130 2251 displiceat
1145 2168 1251 2232 omnis
1264 2167 1404 2232 enormi-

203 2281 253 2335 tas
262 2296 273 2352 3
295 2272 416 2336 ultores
432 2272 519 2335 enim
536 2271 692 2336 scelerum
710 2280 744 2334 et
758 2271 879 2355 rapinoe
894 2271 981 2355 quod
997 2283 1235 2357 persequuntur
1251 2273 1403 2338 oderunt.

205 2373 280 2442 Vim
315 2374 446 2459 quidem
472 2374 580 2452 intuli,
605 2396 673 2439 non
698 2373 896 2439 violentiam.
957 2374 1046 2440 Quid
1071 2375 1158 2438 enim
1190 2374 1228 2439 fit
1254 2376 1324 2440 sine
1347 2375 1402 2438 vi?

203 2476 425 2540 Veruntamen
448 2478 538 2562 justa
552 2477 586 2540 vi
607 2479 743 2562 jureque
768 2477 851 2541 traxi
871 2477 992 2562 pelves,
1016 2465 1164 2541 summus
1180 2477 1303 2542 domini
1320 2478 1403 2562 regis

202 2580 406 2656 camerarius,
423 2603 502 2666 quas
517 2581 571 2645 ille
584 2579 733 2644 subditus
749 2601 842 2644 meus
857 2589 1048 2666 extorquere
1068 2591 1203 2645 conatus
1219 2592 1270 2646 est
1284 2583 1405 2666 injusta

202 2683 365 2748 violentia.
412 2681 511 2750 Quod
533 2692 642 2746 autern
657 2681 732 2747 inde
756 2681 866 2766 praedo
882 2681 954 2760 sim,
969 2690 1008 2745 ut
1034 2681 1157 2746 domini
1182 2683 1266 2767 regis
1289 2682 1404 2760 asserit

203 2786 408 2864 senescallus,
423 2787 485 2850 boc
511 2785 708 2862 contradicO,
723 2783 798 2869 quia
813 2783 900 2868 quod
924 2783 1004 2846 mihi
1024 2784 1079 2867 jus
1105 2786 1302 2870 appropriat,
1314 2786 1403 2869 juste

202 2889 285 2974 tuli„
333 2891 429 2954 Pater
455 2911 547 2954 meus
574 2912 648 2954 cum
673 2887 835 2952 abbatiam
861 2887 992 2951 fecisset
1016 2887 1051 2950 in
1076 2888 1281 2954 'l'anlrervilla
1307 2888 1403 2954 beato

203 2993 356 3078 Georgio,
365 2995 475 3078 posuit
483 2993 516 3058 in
529 3016 567 3057 ea
577 2993 688 3078 pelves
704 3013 812 3076 quasa
824 2990 1064 3075 manibusregis
1078 2991 1213 3056 Heurici
1222 2993 1317 3078 primi
1329 2994 1403 3078 jure

203 3117 262 3160 suo
275 3096 343 3160 sine
359 3097 415 3161 lite
427 3097 555 3176 tulerat,
567 3095 654 3182 quod
667 3095 773 3158 adhuc
782 3093 827 3158 ibi
839 3103 1010 3173 testantur,
1023 3095 1169 3160 similiter
1183 3107 1217 3161 et
1230 3097 1317 3160 idem
1333 3097 1403 3160 aliae

200 3199 376 3264 testificant
386 3199 420 3262 in
431 3200 628 3264 monasterio
643 3199 747 3262 beatae
758 3197 920 3262 Barbarae.
965 3197 1001 3261 Si
1016 3221 1093 3262 vero
1109 3200 1209 3262 tantis
1230 3222 1296 3264 non
1312 3199 1403 3262 adhi-

199 3300 294 3365 betur
308 3301 388 3366 fides
404 3303 639 3383 instrumentis,
655 3301 770 3386 siquis
787 3323 821 3365 se
833 3299 899 3386 juri
915 3322 987 3364 meo
998 3301 1241 3386 praesumpserit
1256 3303 1403 3365 adversa-

199 3403 283 3467 rium
300 3427 474 3491 opponere,
490 3415 611 3490 praesto
627 3427 698 3470 sum
712 3403 791 3467 illud
807 3423 947 3467 asserere
970 3425 1160 3489 quacunque
1171 3405 1204 3467 vi
1219 3405 1269 3468 vel
1284 3404 1403 3468 virtute

201 3507 343 3572 sanxerit
358 3509 428 3572 haec
449 3508 547 3588 curia,
562 3508 691 3572 nemine
708 3527 766 3591 pro
782 3526 833 3568 me
859 3504 1038 3583 nominato,
1055 3505 1111 3568 sed
1127 3505 1160 3568 in
1176 3527 1314 3590 persona
1328 3528 1403 3592 pro-

198 3609 278 3694 pria.
326 3607 424 3676 Quod
450 3619 559 3674 autem
585 3607 747 3673 immerito
773 3628 826 3671 me
851 3605 945 3670 multi
971 3605 1157 3670 detulerunt
1180 3607 1313 3671 domino
1330 3631 1402 3672 meo

198 3734 301 3790 reum,
314 3722 347 3776 et
360 3713 439 3775 iram
452 3714 522 3798 ejus
537 3713 710 3776 adversum
725 3730 778 3773 me
793 3708 919 3773 fortiter
933 3718 1196 3794 aggravaverunt,
1209 3733 1275 3774 non
1291 3711 1401 3775 timeo.

199 3814 274 3879 Scio
290 3817 375 3900 quod
393 3816 481 3880 nulla
495 3816 616 3901 poterit
627 3813 785 3899 judicium
802 3813 871 3898 ejus
886 3811 933 3876 ira
947 3825 1138 3897 pervertere.
1185 3814 1282 3878 Forte
1294 3814 1402 3898 plures

196 3918 316 3982 adsunt
325 3918 380 4004 qui
390 3918 469 3982 mihi
478 3919 560 3984 clam
572 3918 775 3996 insidiantur,
786 3916 911 3981 utinam
920 3915 1022 3979 velint
1031 3916 1134 4000 palam
1149 3916 1285 4001 experiri
1293 3917 1402 4000 justo-

197 4043 259 4106 que
282 4022 407 4106 judicio
429 4032 497 4086 tam
522 4021 624 4085 unitae
648 4031 715 4084 tam
737 4021 847 4085 electae
872 4019 969 4084 curiae
992 4017 1159 4103 subjicere,
1175 4019 1262 4105 quod
1278 4030 1401 4084 secreto

198 4133 377 4187 susurrant.
422 4123 525 4188 Novit
552 4121 703 4188 dominus
730 4131 841 4187 noster
865 4142 921 4186 rex
948 4131 981 4186 et
1012 4122 1072 4199 sui,
1099 4123 1236 4207 qualiter
1261 4121 1302 4186 ab
1328 4123 1400 4206 ipso

241 4245 356 4292 erun.
372 4247 446 4292 soc.
1163 4230 1226 4290 2u
