3610 4852
610 1113 847 1180 GUALTERI
872 1111 1027 1178 Marus

338 1336 748 1431 DENUGIS
797 1333 1300 1430 CURIALIUM

595 1577 844 1638 DISTINCTIO
866 1577 1043 1644 QUINTA.

656 1794 991 1804 ——-—-——-—

559 1955 678 2040 Incipit
693 1958 814 2038 quinta.
860 1955 1024 2038 Proloyua.
1060 1955 1083 2018 i.

264 2137 519 2206 Aurrououurr
550 2137 710 2201 industria
739 2135 835 2200 nobis
861 2158 928 2221 prae
958 2133 1108 2200 manibus
1133 2144 1184 2198 est
1192 2158 1201 2214 3
1232 2145 1323 2219 gesta
1353 2135 1420 2199 suis

221 2241 319 2305 etiam
335 2241 497 2326 praeterita
511 2240 714 2325 temporibus
730 2237 850 2303 nostris
866 2238 1007 2304 reddunt
1028 2237 1211 2323 praesentia,
1227 2247 1260 2303 et
1282 2259 1342 2301 nos
1362 2237 1421 2302 ob·

222 2345 445 2422 mutesoimus,
464 2344 551 2407 unde
575 2343 608 2407 in
634 2342 728 2407 nobis
754 2364 867 2406 eorum
891 2341 972 2406 vivit
994 2341 1159 2420 memoria,
1171 2355 1204 2405 et
1226 2363 1286 2404 nos
1318 2341 1422 2404 nostri

221 2469 334 2510 sumus
349 2447 564 2510 immemores.
610 2445 805 2509 Miraculum
830 2445 975 2510 illustre!
1000 2443 1119 2508 mortui
1133 2445 1260 2521 vivunt,
1274 2443 1340 2507 vivi
1362 2465 1421 2527 pro

221 2550 268 2614 eis
296 2549 505 2633 sepeliuntur.
551 2548 686 2613 Habent
709 2559 743 2612 et
765 2559 878 2612 nostra
903 2558 1050 2632 tempora
1071 2547 1206 2611 forsitan
1226 2546 1345 2630 aliquid
1362 2547 1421 2609 So-

223 2652 348 2737 phoclis
364 2675 429 2716 non
447 2652 596 2737 indigens
612 2653 782 2715 cothurno.
826 2651 946 2716 Jaoent
970 2659 1078 2714 tamen
1101 2649 1225 2733 egregia
1250 2649 1422 2712 moderno-

221 2777 295 2819 rum
309 2753 478 2833 nobilium,
490 2754 682 2818 attolluntur
690 2753 825 2817 fimbrite
834 2753 1004 2818 vetustatis
1017 2751 1160 2835 abjectas.
1184 2752 1260 2815 Hoc
1269 2751 1422 2815 nimirum

222 2859 299 2923 inde
314 2867 375 2936 est,
391 2859 477 2943 quod
489 2856 723 2942 reprehendere
738 2857 869 2935 scimus,
880 2867 913 2920 et
922 2854 1060 2920 scribere
1073 2855 1277 2939 ignoramus3
1293 2875 1422 2938 carpere

223 2961 417 3046 appetimus,
433 2971 466 3024 et
481 2960 567 3044 carpi
583 2981 752 3023 meremur.
798 2959 851 3023 Sic
866 2959 1028 3022 raritatem
1043 2967 1213 3042 poetarum
1228 2957 1350 3021 faciunt
1367 2979 1423 3041 ge·

223 3065 320 3127 minae
330 3063 449 3147 linguae
459 3063 723 3127 obtrectatorum.
747 3061 801 3126 Sic
816 3070 1005 3146 torpescunt
1020 3061 1129 3138 animi,
1142 3059 1320 3145 depereunt
1333 3060 1423 3144 inge·

223 3167 277 3229 nia
285 3191 296 3244 ;
311 3167 357 3230 sic
374 3167 511 3250 ingenua
525 3167 682 3251 temporis
697 3166 794 3250 hujus
811 3165 965 3229 serenitas
981 3165 1155 3230 enormiter
1169 3163 1377 3248 extinguitur,
1390 3171 1424 3227 et

223 3269 353 3334 lucerna
365 3291 430 3332 non
444 3269 571 3333 defectu
583 3267 724 3332 materiae
737 3269 873 3352 sopitur,
890 3269 947 3332 sed
959 3268 1176 3333 succumbunt
1191 3267 1340 3345 artifices,
1355 3277 1389 3330 et
1403 3289 1422 3329 a

223 3373 343 3437 nostris
369 3373 459 3437 nulla
481 3383 532 3437 est
554 3373 719 3436 autoritas.
765 3371 874 3435 Caesar
898 3393 938 3434 en
964 3371 1099 3447 Lucani,
1121 3371 1243 3434 AEneas
1261 3369 1420 3447 Maronis,

224 3475 335 3539 multis
349 3477 466 3539 vivunt
480 3476 513 3538 in
528 3475 690 3550 laudibus,
705 3475 881 3559 plurimum
899 3473 965 3536 suis
981 3472 1103 3536 meritis
1119 3483 1152 3535 et
1167 3495 1233 3535 non
1250 3471 1421 3536 minimum

222 3576 387 3660 vigilantia
402 3587 582 3663 poetarum.
610 3576 716 3641 Nobis
732 3576 874 3639 divinam
892 3575 1086 3639 Karolorum
1102 3585 1135 3637 et
1151 3575 1346 3658 Pepinorum
1364 3595 1421 3637 no-

224 3677 381 3743 bilitatem
395 3677 582 3764 vulgaribus
597 3677 725 3742 rithmis
742 3677 809 3741 sola
820 3677 994 3740 mimorum
1009 3676 1211 3740 concelebrat
1225 3676 1421 3761 nugacitas*

254 3905 269 3940 ¹⁸
288 3908 327 3954 An
345 3907 447 3955 allusion
464 3911 491 3955 to
512 3907 566 3955 that
585 3909 689 3971 popular
707 3908 769 3956 cluss
780 3907 808 3956 of
838 3912 953 3956 ventures
972 3907 1001 3954 of
1016 3907 1059 3954 the
1076 3923 1121 3967 age
1140 3905 1171 3955 ol
1186 3906 1359 3968 Charlemrgne
1374 3907 1422 3955 rud

222 3988 341 4036 medieral
360 4002 486 4035 romunces
505 3989 607 4036 eutitled
628 3989 670 4037 tbe
682 3991 806 4038 clamem
838 3990 924 4052 Pepiu.
943 3989 1010 4052 They
1021 3989 1121 4040 became
1133 3989 1268 4052 popularia
1277 3991 1318 4037 the
1328 3989 1422 4038 twelsth

221 4072 252 4119 de
265 4070 346 4129 Θεαῖε,
356 4069 436 4118 ubieh
452 4070 540 4118 turned
557 4069 644 4133 chiefly
656 4085 688 4119 ou
708 4071 750 4119 the
760 4069 803 4118 ad·
838 4076 948 4132 eeutury.
