3650 4852
401 531 420 590 2
835 545 1025 590 ausuram
1048 543 1171 588 urens
1429 541 1552 606 [name.
1564 539 1589 592 1.

400 698 471 780 tiar,
487 709 526 763 ut
550 699 653 764 dicam
680 720 752 763 eam
777 695 1021 762 multitudinem
1047 691 1287 781 quodammodo
1313 713 1348 758 se
1373 691 1549 758 habentem
1564 691 1607 757 ad

400 826 503 866 unum
519 783 724 888 principium.
769 799 952 865 Multitudo
968 807 1053 864 certe
1072 819 1186 862 sumus
1208 795 1346 876 infinita,
1370 796 1428 860 uni
1453 797 1514 862 soli
1536 797 1607 882 pla-

401 926 472 969 cere
487 905 709 984 contendens3
732 911 765 968 et
774 902 872 967 hodie
884 923 996 966 sumus
1011 923 1077 965 una
1092 898 1279 978 multitudo,
1297 921 1367 964 cras
1389 899 1510 964 erimus
1525 899 1606 980 alia3

401 1007 489 1071 curia
503 1027 580 1071 vero
595 1028 661 1071 non
677 1014 832 1084 mutatur,
847 1005 960 1070 eadem
975 1021 1103 1087 semper
1112 1011 1163 1066 est
1171 1025 1182 1080 ;
1196 1001 1399 1066 centimanus
1414 1002 1533 1089 gigas*
1544 1011 1606 1079 est,

402 1109 458 1193 qui
484 1116 575 1173 totus
596 1107 764 1172 mutilatus
789 1115 880 1171 totus
906 1115 958 1170 est
980 1105 1078 1184 idem,
1107 1112 1141 1169 et
1166 1103 1368 1168 centimanus
1394 1105 1498 1191 hydra
1522 1104 1607 1170 mul-

402 1219 510 1273 torum
533 1209 687 1295 capitum,
713 1211 768 1297 qui
791 1210 917 1276 labores
937 1208 1088 1274 Herculis
1112 1217 1218 1272 cassat
1242 1216 1276 1271 et
1295 1209 1486 1292 contemnit,
1505 1209 1608 1274 invic-

401 1311 520 1376 tissimi
531 1333 665 1376 manum
677 1313 807 1380 athletae
821 1337 888 1379 non
905 1313 1014 1392 sentit,
1024 1321 1058 1377 et
1072 1313 1191 1376 Antaeo
1205 1309 1328 1376 felicior
1348 1319 1487 1377 matrem
1506 1311 1608 1376 habet

400 1421 551 1496 terram,†
565 1427 715 1502 pontum,
730 1427 764 1484 et
778 1439 861 1499 aera,
875 1441 943 1482 non
958 1418 1088 1482 allidere
1110 1416 1151 1480 ad
1165 1425 1280 1502 pectus
1297 1415 1459 1496 Herculis,
1474 1425 1564 1482 totus
1575 1415 1607 1480 ei

401 1519 486 1583 vires
514 1519 707 1605 multiplicat
721 1519 819 1585 orbis.
865 1520 950 1585 Cum
965 1519 1018 1584 illc
1033 1518 1186 1583 h...nus
1206 1516 1365 1583 Hercules
1387 1519 1536 1599 voluerit,
1549 1517 1608 1584 fiat

401 1621 564 1686 voluntas.
610 1621 645 1687 Si
671 1624 758 1708 quod
786 1623 924 1688 Boecius
961 1622 1002 1686 de
1042 1623 1198 1702 fortunat
1231 1624 1387 1687 veraciter
1418 1621 1534 1686 asserit
1567 1622 1608 1686 de

403 1726 490 1792 curia
506 1725 693 1805 dixerimus,
708 1736 794 1791 recte
809 1728 940 1813 quidem
956 1736 990 1792 et
1004 1727 1077 1805 hoc,
1091 1735 1129 1790 ut
1144 1727 1213 1790 sola
1228 1726 1272 1790 sit
1285 1723 1464 1790 mobilitate
1472 1725 1608 1791 stabilis.

404 1827 489 1892 Solis
504 1827 568 1890 illis
584 1827 672 1892 curia
695 1829 803 1913 placet
825 1829 881 1915 qui
905 1828 1040 1915 gratiam
1063 1830 1134 1915 ejus
1160 1839 1414 1914 consequuntur.
1457 1829 1546 1894 Nam
1575 1838 1609 1893 et

402 1931 474 2016 ipsa
498 1931 617 2016 gratias
643 1931 719 2013 dat3
743 1955 809 1997 non
835 1933 922 1997 enim
948 1933 1102 1998 amabiles
1120 1942 1177 1997 aut
1191 1939 1353 1998 merentes
1370 1929 1469 1995 amari
1494 1929 1609 2016 diligit,

404 2032 461 2096 sed
477 2031 628 2117 indignos
642 2030 710 2097 vita
723 2032 825 2118 gratia
840 2055 899 2098 sua
915 2034 1033 2114 donat3
1059 2033 1129 2098 haec
1144 2043 1196 2098 est
1210 2033 1296 2097 enim
1311 2031 1414 2118 gratia
1439 2055 1512 2119 quoe
1538 2034 1608 2100 sine

402 2131 528 2198 ratione
543 2135 644 2212 venit,
662 2155 734 2218 quae
750 2133 819 2198 aine
835 2134 950 2198 merito
966 2133 1126 2213 considet,
1141 2155 1214 2220 quoe
1229 2133 1334 2198 causis
1353 2135 1489 2200 occultis
1516 2136 1610 2202 adest

402 2235 565 2321 ignobilis.
581 2236 725 2322 Mystica
736 2259 852 2302 manus
861 2236 998 2301 Domini
1005 2235 1128 2322 judicio
1139 2257 1216 2301 vero
1223 2236 1315 2321 justa
1325 2237 1536 2305 ventilatione
1548 2239 1611 2305 sibi

403 2347 550 2426 segregat
565 2360 584 2404 a
599 2339 721 2404 zizania
735 2341 948 2420 frumentum,
973 2341 1044 2405 hoee
1069 2361 1137 2404 non
1160 2339 1279 2404 minori
1305 2339 1521 2408 sollicitudine
1548 2342 1611 2407 sibi

404 2443 920 2529 separatafrumentoaizaniam3
943 2443 1031 2529 quod
1041 2441 1096 2508 illa
1105 2443 1282 2527 prudenter
1293 2443 1393 2529 eligit,
1403 2445 1474 2509 haec
1485 2444 1610 2531 impru-

403 2547 518 2611 denter
533 2547 631 2631 ejicit,
653 2554 688 2609 et
709 2563 785 2627 ergo
808 2541 893 2607 sicut
915 2551 949 2606 et
969 2542 1104 2627 inquam
1128 2539 1279 2627 pluribus
1304 2552 1357 2608 tot
1381 2563 1443 2608 nos
1461 2541 1611 2608 hortatur

403 2648 522 2714 aculeis
547 2645 743 2712 dominatrix
762 2644 859 2708 curiae
884 2643 1054 2729 cupiditas,
1080 2643 1168 2729 quod
1196 2665 1256 2729 pro
1283 2645 1500 2711 sollicitudine
1525 2643 1610 2711 risus

404 2751 599 2816 eliminatur.
644 2748 711 2815 oui
726 2747 811 2811 ridet
824 2745 958 2824 ridetur,
979 2745 1034 2831 qui
1044 2746 1136 2811 sedet
1146 2745 1180 2810 in
1191 2746 1610 2834 tristitiasaperevideatur.

405 2855 452 2919 Et
462 2855 588 2940 judices
603 2853 707 2918 nostri
722 2849 838 2934 gaudia
852 2849 1004 2935 puniunt,
1019 2849 1267 2937 retribuuntque
1276 2850 1474 2931 moestitiam,
1485 2871 1560 2916 cum
1569 2873 1611 2916 ex

403 2955 492 3018 bona
505 2953 702 3019 conscientia
715 2953 796 3019 boni
805 2954 895 3039 juste
909 2954 1081 3038 gaudeant,
1107 2975 1148 3019 ex
1165 2955 1249 3019 mala
1263 2955 1340 3020 mali
1363 2955 1479 3020 merito
1502 2953 1612 3021 moesti

438 3155 454 3186 ⁸
470 3155 648 3216 Briareus,—“
660 3157 686 3206 Si
697 3161 809 3221 resurgat
820 3155 972 3207 centimanus
984 3156 1081 3219 gigar’
1100 3155 1190 3206 Horat.
1203 3156 1258 3207 Lib.
1271 3157 1298 3208 il.
1311 3157 1362 3209 Od.
1373 3157 1432 3208 xvii.
1443 3157 1462 3208 l.
1476 3161 1517 3207 1⁴.

666 3261 805 3294 —‘
809 3259 815 3285 ¹
828 3261 929 3306 centum
940 3255 979 3306 cui
991 3253 1091 3304 brachia
1102 3255 1189 3305 dicunt

667 3339 838 3402 centenasque
849 3351 946 3396 manus,
958 3337 1136 3401 quinquaginta
1142 3336 1226 3386 oribus
1237 3337 1318 3402 ignem

670 3419 864 3483 Pectoribusque
874 3417 992 3469 arabaess'
1254 3419 1324 3484 Virg.
1335 3419 1395 3470 AEu.
1407 3436 1432 3470 x.
1446 3421 1503 3469 565.

633 3537 653 3592 τ
668 3534 785 3570 --“
799 3532 930 3582 Herculeis
940 3547 1052 3595 pressura
1063 3533 1099 3584 sic
1110 3533 1176 3582 lama
1185 3531 1283 3583 lacertis

667 3615 825 3678 Terrigenam
836 3613 937 3663 sudmse
948 3614 1038 3678 Libyn,
1051 3629 1108 3664 cum
1118 3615 1205 3664 fraude
1215 3621 1314 3679 reperta

671 3696 947 3760 Raptusiucxcelsum,
959 3697 1065 3758 aeciam
1077 3711 1133 3760 epse
1145 3697 1318 3757 ullacadendi,
1593 3739 1595 3744 .

667 3778 722 3828 Nec
731 3779 790 3828 licet
801 3785 910 3829 extrema
920 3782 1025 3828 matrem
1033 3779 1176 3842 contingere
1184 3779 1296 3842 plauta’'
1309 3779 1373 3829 Stat.
1382 3777 1503 3829 Thebaid.
1510 3779 1543 3828 vi.
1554 3781 1612 3831 090.

439 3877 539 3938 ‡“Tu
565 3878 692 3926 fortunam
717 3883 791 3940 putas
812 3892 870 3941 erga
891 3883 917 3927 te
938 3893 993 3927 ease
1025 3879 1170 3928 santam.”
1206 3879 1327 3928 Boethius
1339 3878 1370 3928 de
1381 3877 1507 3928 consolat.
1518 3875 1611 3926 Philon.

409 3961 548 4009 manum?
574 3957 659 4008 Erras.
695 3959 729 4008 Hi
741 3973 839 4023 semper
847 3961 901 4022 ejus
911 3975 993 4010 morea
1025 3960 1070 4010 lib.
1082 3961 1196 4024 iiprcsa
1210 3965 1232 4010 l.
1261 3961 1352 4024 Mapea
1363 3960 1434 4024 again
1446 3963 1535 4022 quotes
1546 3958 1612 4007 from

409 4041 646 4100 sunt,istanaturr.
682 4040 792 4090 Servavit
802 4043 868 4091 circa
886 4047 912 4090 te
931 4057 990 4106 prc-
1026 4056 1146 4105 memory,
1159 4043 1207 4091 and
1215 4043 1283 4106 gives
1291 4042 1335 4092 the
1344 4055 1416 4092 senae
1424 4039 1520 4090 instead
1532 4039 1561 4089 of
1570 4039 1613 4088 tha

409 4123 487 4186 priam
499 4122 581 4186 potius
592 4123 618 4172 in
630 4121 733 4187 ipsaaui
749 4122 914 4174 mutabilitate
933 4137 992 4174 con·
1026 4129 1096 4174 exact
1107 4125 1197 4174 words.
