3650 4852
246 519 392 584 capua]
616 516 663 560 na
688 515 798 562 nourr
822 515 1047 564 ouaracrun.
1385 505 1428 562 49

227 679 285 736 aut
297 670 470 755 spoliatum
482 667 635 753 relinquit
645 667 685 732 ad
696 667 834 754 aliquem
845 669 1023 736 incolarum
1032 691 1124 756 spem
1136 669 1340 734 redeuntium
1345 693 1357 748 ς
1371 669 1427 734 isti

227 771 364 838 sollicite
378 780 554 857 procurant
567 791 609 834 ne
623 791 766 855 unquam
781 781 992 836 revertantur.
1040 772 1076 836 Si
1096 771 1294 837 sevissimus
1316 771 1424 857 ignem

228 875 399 940 immiserit
411 874 533 960 praedo,
542 875 662 938 ferrum
672 882 763 938 extat
776 882 810 938 et
823 876 922 957 n⁸n('?)
934 881 968 938 et
982 875 1221 940 retroeuntibua
1230 896 1321 953 arva3
1337 873 1425 959 quod

226 988 373 1042 caumate
387 977 483 1064 perit,
498 976 586 1062 quod
599 975 737 1040 involvit
750 975 870 1055 elimio,
885 976 974 1060 quod
987 997 1041 1040 aer
1058 977 1201 1063 corripit,
1215 976 1339 1062 aliquos
1366 977 1425 1042 do·

226 1079 323 1143 minis
338 1088 508 1145 conservat
521 1099 621 1158 uaus;
647 1077 716 1143 sola
729 1077 827 1163 hujus
842 1077 1004 1164 religionis
1027 1079 1109 1144 nihil
1130 1079 1248 1165 linquit
1269 1079 1424 1144 incursio.

225 1180 261 1245 Si
276 1179 454 1246 obtinuerit
466 1201 526 1245 rex
540 1203 560 1244 a
569 1201 643 1264 rege
656 1181 710 1244 vel
725 1180 801 1245 dolo
814 1179 867 1244 vel
877 1178 963 1245 bello
977 1201 1124 1266 regnum,
1138 1193 1423 1268 quantumcunque

225 1291 384 1368 tyrannus
402 1281 457 1362 ait,
479 1282 587 1346 coloni
611 1281 770 1362 residunt,
796 1303 863 1347 non
902 1283 981 1347 facit
1017 1285 1256 1365 exterminium,
1281 1283 1422 1370 propriis

224 1385 302 1450 licet
314 1386 348 1450 in
363 1384 484 1449 linibus
499 1385 605 1470 aliqua
625 1383 689 1448 frui
703 1383 825 1463 latitia,
843 1394 1046 1470 mortemque
1060 1387 1189 1472 tyranni
1203 1387 1256 1452 vel
1270 1387 1365 1450 aliam
1380 1383 1422 1448 ab

224 1485 397 1550 afflictione
421 1485 678 1570 redemptionem
700 1487 785 1550 intra
806 1486 963 1551 terminos
985 1489 1164 1571 prestolari
1188 1497 1329 1574 possunt
1349 1487 1421 1550 lon·

225 1587 369 1674 ganimes
391 1610 410 1652 a
433 1588 526 1666 De03
553 1608 634 1674 quos
659 1588 776 1652 horum
803 1588 1017 1673 apprehendit
1041 1590 1176 1671 invasio,
1201 1591 1333 1656 exilium
1359 1587 1422 1652 sibi

159 1719 162 1726 ·
224 1691 329 1755 amant
350 1689 518 1756 imminere
543 1699 747 1775 perpetuum.
801 1691 892 1755 Alias
906 1690 1005 1777 aliqui
1019 1692 1115 1756 certis
1130 1714 1170 1756 ex
1185 1691 1290 1758 causis
1305 1691 1421 1774 depor-

223 1801 345 1874 tantur,
368 1793 415 1858 hii
437 1807 578 1858 sumtum
599 1792 817 1879 praescribunt
839 1815 964 1873 omnes,
979 1793 1067 1859 unde
1083 1794 1123 1859 fit
1136 1805 1174 1860 ut
1188 1817 1229 1860 ex
1242 1793 1420 1859 valitudine

223 1896 276 1960 vel
288 1905 454 1962 scnemata
478 1895 600 1960 debiles
621 1895 750 1961 deiectu
763 1895 952 1960 victualium
966 1917 1007 1961 eo
1022 1895 1118 1961 citius
1132 1896 1283 1963 labantur
1297 1917 1361 1982 quo
1373 1894 1420 1958 eis

221 1997 401 2062 fulcimenti
415 1997 523 2062 minus
538 1996 728 2083 relinquitur
736 2023 747 2076 3
762 1997 940 2064 deserimus
955 1997 1055 2078 enim,
1069 2007 1104 2062 et
1118 2019 1310 2084 quocunque
1325 2005 1421 2061 vocat

222 2122 296 2165 esca
314 2101 445 2185 jejunos
470 2098 658 2185 parentibus
683 2107 717 2164 et
741 2098 856 2164 vicinis
877 2098 1009 2179 relictis,
1030 2100 1152 2184 passim
1172 2108 1351 2186 sequuntur
1365 2098 1421 2183 qui

222 2212 373 2289 possunt,
387 2203 421 2266 in
437 2225 533 2268 omne
547 2201 763 2287 praecipitium
777 2201 917 2282 irruunt,
931 2223 992 2268 nec
1006 2201 1108 2266 ullum
1123 2200 1237 2265 mortis
1252 2199 1418 2264 incursum

224 2305 342 2370 metuit
354 2303 449 2370 famis
464 2305 622 2389 angustia.
660 2303 803 2370 Quidam
818 2304 852 2367 in
867 2303 999 2389 rapinis,
1011 2303 1142 2389 quidam
1157 2303 1190 2366 in
1202 2301 1297 2366 furtis
1317 2299 1419 2364 adun-

222 2416 307 2488 cant,
322 2415 356 2471 et
367 2406 519 2492 quoniam
531 2405 571 2470 ab
585 2405 739 2470 aerumnis
751 2404 924 2489 desperant
934 2405 1025 2491 eripi,
1041 2414 1150 2490 spreta
1162 2403 1240 2482 vita,
1249 2403 1420 2488 parvipen-

222 2509 306 2574 dunt
327 2507 478 2594 quicquid
501 2507 668 2587 inflixeris,
687 2516 721 2573 et
735 2515 874 2572 mortem
890 2506 975 2572 ultro
991 2516 1169 2591 provocant
1182 2505 1216 2570 in
1231 2505 1418 2591 ingluviem,

222 2611 311 2698 quod
335 2631 391 2675 eos
425 2609 460 2674 in
497 2631 611 2674 omnes
640 2609 698 2673 diu
729 2608 872 2675 decurrit
905 2608 1050 2694 injurias,
1082 2609 1252 2693 lucemque
1280 2607 1419 2672 libenter

220 2722 346 2781 exuunt
360 2735 456 2799 quam
472 2722 575 2776 totam
589 2709 666 2776 fecit
679 2711 795 2775 amaris
810 2712 916 2796 poenis
930 2712 1104 2796 pessimam
1119 2710 1264 2797 penuria.
1309 2711 1417 2778 Quam

219 2815 372 2892 enormis,
387 2836 483 2899 quam
498 2836 594 2893 saeva,
610 2836 706 2899 quam
721 2812 878 2880 diabolica
892 2813 994 2899 pestis
1008 2814 1132 2880 inedia!
1156 2836 1252 2900 quam
1267 2813 1416 2893 crudelis,

220 2941 317 3006 quam
338 2916 563 2996 abhominalis,
592 2939 687 3000 quam
719 2915 917 2981 detestabilis
947 2917 1125 2982 districtio!
1156 2939 1229 3002 quae
1258 2916 1325 2980 sive
1347 2925 1415 2980 tam

221 3021 423 3087 Christianos
437 3021 472 3084 in
485 3020 574 3083 hunc
588 3019 713 3084 inducit
727 3040 887 3084 carcerem
903 3019 1078 3100 Decianus,
1089 3030 1123 3085 et
1133 3042 1210 3085 vero
1225 3019 1415 3104 dispensant

219 3125 341 3203 mitius,
357 3134 391 3188 et
412 3131 569 3208 quantum
583 3120 724 3187 brevitas
748 3121 908 3206 passionis
936 3122 1028 3206 cujus
1054 3121 1201 3186 evaditur
1222 3144 1319 3207 quam
1344 3122 1415 3185 diu·

217 3237 315 3292 turna
339 3247 561 3311 pressurarum
580 3223 718 3308 agmina,
741 3232 869 3288 tantum
894 3244 1007 3287 eorum
1028 3223 1157 3289 videtur
1179 3223 1415 3289 misericordior

216 3329 386 3396 austeritas
412 3351 509 3414 quam
524 3348 596 3412 quae
611 3325 688 3390 facit
701 3326 853 3409 inopiam,
876 3347 948 3410 quae
968 3325 1049 3389 nihil
1062 3325 1264 3390 verecundiae
1285 3325 1415 3403 retinet,

216 3433 299 3498 nihil
311 3431 411 3495 habet
426 3429 566 3506 virtutis,
581 3449 652 3512 quae
668 3426 841 3491 sceleribus
856 3427 977 3505 horret,
993 3427 1137 3512 squalida
1151 3427 1238 3490 vitiis
1253 3435 1314 3505 est,
1330 3447 1414 3490 sem·

216 3556 276 3622 per
298 3533 332 3595 in
348 3530 527 3594 Dominum
551 3529 738 3608 irreverens,
761 3529 796 3593 in
820 3549 916 3593 omne
940 3530 1038 3592 decus
1062 3527 1217 3592 infrunita
1234 3526 1414 3604 crudescit3

213 3655 288 3720 quae
303 3630 408 3714 galeas
423 3629 534 3714 piratis
548 3629 691 3707 instruit,
705 3629 830 3695 iuribus
844 3630 946 3693 foedat
960 3629 1068 3708 urbes,
1086 3628 1177 3692 lucos
1192 3635 1296 3690 armat
1317 3626 1415 3690 latro·

214 3735 325 3812 nibus,
339 3740 445 3796 mutat
458 3752 557 3816 agnas
571 3729 606 3794 in
620 3730 724 3813 lupas,
738 3731 773 3794 in
789 3731 922 3815 lupanar
939 3730 1054 3814 cogita
1069 3729 1237 3806 thalamis3
1253 3749 1324 3812 quae
1340 3749 1414 3792 curn

215 3840 251 3904 in
266 3837 337 3921 ipsa
351 3833 461 3898 omnia
475 3831 542 3896 sint
555 3842 683 3919 reperta
698 3832 930 3916 suppliciorum
944 3851 1070 3915 genera,
1085 3830 1195 3915 plures
1209 3827 1309 3894 habet
1330 3830 1415 3915 inju-

216 3941 280 4006 rias
295 3959 391 4024 quam
406 3936 548 4004 ultiones
561 3934 698 4023 justitia,
709 3933 818 4021 plures
830 3933 970 3999 offensas
985 3954 1082 4017 quam
1095 3931 1150 3996 illa
1164 3931 1309 4009 fulmina,
1324 3933 1415 4018 plura

217 4041 308 4127 signa
323 4062 420 4127 quam
434 4041 489 4105 illa
503 4040 647 4126 sagittas.
691 4039 784 4103 Deus
798 4035 902 4104 bone!
930 4035 1093 4120 quomodo
1108 4033 1166 4100 filii
1180 4034 1229 4102 tui
1252 4045 1338 4115 sunt,
1360 4034 1416 4120 qui

259 4165 374 4208 cauo.
398 4163 472 4209 soc.
1219 4159 1243 4202 u
